Country,Country code,Quarter,Year,Category,Revenue
Australia,AUS,2014-Q1,2014,Non-Gaming,28992269.64
Brazil,BRA,2014-Q1,2014,Non-Gaming,13660546.09
Canada,CAN,2014-Q1,2014,Non-Gaming,23898976.59
Germany,DEU,2014-Q1,2014,Non-Gaming,43318933.96
France,FRA,2014-Q1,2014,Non-Gaming,27946570.47
U.K.,GBR,2014-Q1,2014,Non-Gaming,56141501.57
Indonesia,IDN,2014-Q1,2014,Non-Gaming,2136418.45
India,IND,2014-Q1,2014,Non-Gaming,1740768.73
Japan,JPN,2014-Q1,2014,Non-Gaming,123204714.7
South Korea,KOR,2014-Q1,2014,Non-Gaming,20258367.57
Mexico,MEX,2014-Q1,2014,Non-Gaming,7628727.14
U.S.,USA,2014-Q1,2014,Non-Gaming,262316474.4
Vietnam,VNM,2014-Q1,2014,Non-Gaming,530323.24
Australia,AUS,2014-Q2,2014,Non-Gaming,29422799.31
Brazil,BRA,2014-Q2,2014,Non-Gaming,13672805.97
Canada,CAN,2014-Q2,2014,Non-Gaming,22273090.7
Germany,DEU,2014-Q2,2014,Non-Gaming,38709669.91
France,FRA,2014-Q2,2014,Non-Gaming,28100323.97
U.K.,GBR,2014-Q2,2014,Non-Gaming,57394064.03
Indonesia,IDN,2014-Q2,2014,Non-Gaming,2255120.67
India,IND,2014-Q2,2014,Non-Gaming,1763020.17
Japan,JPN,2014-Q2,2014,Non-Gaming,138320589
South Korea,KOR,2014-Q2,2014,Non-Gaming,19489561.78
Mexico,MEX,2014-Q2,2014,Non-Gaming,7108871.18
U.S.,USA,2014-Q2,2014,Non-Gaming,269043372.4
Vietnam,VNM,2014-Q2,2014,Non-Gaming,566014.66
Australia,AUS,2014-Q3,2014,Non-Gaming,34891915.53
Brazil,BRA,2014-Q3,2014,Non-Gaming,16366258.05
Canada,CAN,2014-Q3,2014,Non-Gaming,26208999.28
Germany,DEU,2014-Q3,2014,Non-Gaming,42945828.24
France,FRA,2014-Q3,2014,Non-Gaming,32977428.94
U.K.,GBR,2014-Q3,2014,Non-Gaming,68198967.32
Indonesia,IDN,2014-Q3,2014,Non-Gaming,2481004.85
India,IND,2014-Q3,2014,Non-Gaming,2235092.53
Japan,JPN,2014-Q3,2014,Non-Gaming,172345390.3
South Korea,KOR,2014-Q3,2014,Non-Gaming,23478607.11
Mexico,MEX,2014-Q3,2014,Non-Gaming,7644667.98
U.S.,USA,2014-Q3,2014,Non-Gaming,298491601.1
Vietnam,VNM,2014-Q3,2014,Non-Gaming,927069.89
Australia,AUS,2014-Q4,2014,Non-Gaming,33372875.44
Brazil,BRA,2014-Q4,2014,Non-Gaming,15864722.03
Canada,CAN,2014-Q4,2014,Non-Gaming,26866548.29
Germany,DEU,2014-Q4,2014,Non-Gaming,41052434.24
France,FRA,2014-Q4,2014,Non-Gaming,30758871.49
U.K.,GBR,2014-Q4,2014,Non-Gaming,72936822.72
Indonesia,IDN,2014-Q4,2014,Non-Gaming,2463735.88
India,IND,2014-Q4,2014,Non-Gaming,2528974.73
Japan,JPN,2014-Q4,2014,Non-Gaming,178265695.4
South Korea,KOR,2014-Q4,2014,Non-Gaming,27592207.41
Mexico,MEX,2014-Q4,2014,Non-Gaming,7458267.41
U.S.,USA,2014-Q4,2014,Non-Gaming,295047201.9
Vietnam,VNM,2014-Q4,2014,Non-Gaming,961960.95
Australia,AUS,2015-Q1,2015,Non-Gaming,35110290.46
Brazil,BRA,2015-Q1,2015,Non-Gaming,19774560.43
Canada,CAN,2015-Q1,2015,Non-Gaming,26546261.76
Germany,DEU,2015-Q1,2015,Non-Gaming,40233844.41
France,FRA,2015-Q1,2015,Non-Gaming,29614395.56
U.K.,GBR,2015-Q1,2015,Non-Gaming,72317468.81
Indonesia,IDN,2015-Q1,2015,Non-Gaming,2890366.34
India,IND,2015-Q1,2015,Non-Gaming,2941340.71
South Korea,KOR,2015-Q1,2015,Non-Gaming,32448088.03
Mexico,MEX,2015-Q1,2015,Non-Gaming,9170699.23
U.S.,USA,2015-Q1,2015,Non-Gaming,339813421.2
Vietnam,VNM,2015-Q1,2015,Non-Gaming,1282330.14
Australia,AUS,2015-Q2,2015,Non-Gaming,35183013.16
Brazil,BRA,2015-Q2,2015,Non-Gaming,20594884.82
Canada,CAN,2015-Q2,2015,Non-Gaming,27048304.8
Germany,DEU,2015-Q2,2015,Non-Gaming,39393307.62
France,FRA,2015-Q2,2015,Non-Gaming,29970101.59
U.K.,GBR,2015-Q2,2015,Non-Gaming,73063568.9
Indonesia,IDN,2015-Q2,2015,Non-Gaming,3100052.83
India,IND,2015-Q2,2015,Non-Gaming,3665317.36
Japan,JPN,2015-Q2,2015,Non-Gaming,182908636.2
South Korea,KOR,2015-Q2,2015,Non-Gaming,31832129.4
Mexico,MEX,2015-Q2,2015,Non-Gaming,9712480.53
U.S.,USA,2015-Q2,2015,Non-Gaming,389610936.9
Vietnam,VNM,2015-Q2,2015,Non-Gaming,1247180.1
Australia,AUS,2015-Q3,2015,Non-Gaming,32115370.98
Brazil,BRA,2015-Q3,2015,Non-Gaming,18827575.44
Canada,CAN,2015-Q3,2015,Non-Gaming,26027070.53
Germany,DEU,2015-Q3,2015,Non-Gaming,39743408.71
U.K.,GBR,2015-Q3,2015,Non-Gaming,67781835.96
Indonesia,IDN,2015-Q3,2015,Non-Gaming,3061529.81
Japan,JPN,2015-Q3,2015,Non-Gaming,191334540.3
South Korea,KOR,2015-Q3,2015,Non-Gaming,34333713.16
Mexico,MEX,2015-Q3,2015,Non-Gaming,9707576.71
U.S.,USA,2015-Q3,2015,Non-Gaming,380692729.9
Vietnam,VNM,2015-Q3,2015,Non-Gaming,886035.51
Australia,AUS,2015-Q4,2015,Non-Gaming,34186276.77
Brazil,BRA,2015-Q4,2015,Non-Gaming,17484322.15
Canada,CAN,2015-Q4,2015,Non-Gaming,28083331.39
Germany,DEU,2015-Q4,2015,Non-Gaming,39114179.99
France,FRA,2015-Q4,2015,Non-Gaming,32193118.38
U.K.,GBR,2015-Q4,2015,Non-Gaming,71713025.93
Indonesia,IDN,2015-Q4,2015,Non-Gaming,3852522.54
India,IND,2015-Q4,2015,Non-Gaming,4255449.88
South Korea,KOR,2015-Q4,2015,Non-Gaming,36919130.55
U.S.,USA,2015-Q4,2015,Non-Gaming,416871095.8
Vietnam,VNM,2015-Q4,2015,Non-Gaming,877162.15
Australia,AUS,2016-Q1,2016,Non-Gaming,38672430.86
Germany,DEU,2016-Q1,2016,Non-Gaming,43486079.85
France,FRA,2016-Q1,2016,Non-Gaming,37080461.34
U.K.,GBR,2016-Q1,2016,Non-Gaming,78107091.86
Japan,JPN,2016-Q1,2016,Non-Gaming,204150988
South Korea,KOR,2016-Q1,2016,Non-Gaming,40589940.23
Mexico,MEX,2016-Q1,2016,Non-Gaming,12093336.16
U.S.,USA,2016-Q1,2016,Non-Gaming,508785019.3
Vietnam,VNM,2016-Q1,2016,Non-Gaming,879866.38
Australia,AUS,2016-Q2,2016,Non-Gaming,43417923.66
Canada,CAN,2016-Q2,2016,Non-Gaming,35899423.02
Germany,DEU,2016-Q2,2016,Non-Gaming,44270067.14
France,FRA,2016-Q2,2016,Non-Gaming,37259616.48
U.K.,GBR,2016-Q2,2016,Non-Gaming,83185881.96
Indonesia,IDN,2016-Q2,2016,Non-Gaming,5447515.67
India,IND,2016-Q2,2016,Non-Gaming,6821458.63
Japan,JPN,2016-Q2,2016,Non-Gaming,229205170.1
South Korea,KOR,2016-Q2,2016,Non-Gaming,51632693.49
Mexico,MEX,2016-Q2,2016,Non-Gaming,13451840.34
U.S.,USA,2016-Q2,2016,Non-Gaming,584934882.9
Australia,AUS,2016-Q3,2016,Non-Gaming,45672946.74
Germany,DEU,2016-Q3,2016,Non-Gaming,46394936.71
U.K.,GBR,2016-Q3,2016,Non-Gaming,80312355.25
South Korea,KOR,2016-Q3,2016,Non-Gaming,65292723.36
Mexico,MEX,2016-Q3,2016,Non-Gaming,13668186.28
U.S.,USA,2016-Q3,2016,Non-Gaming,609639948.7
Vietnam,VNM,2016-Q3,2016,Non-Gaming,1308950.32
Germany,DEU,2017-Q4,2017,Non-Gaming,70708331.22
Australia,AUS,2018-Q1,2018,Non-Gaming,83366970.85
Australia,AUS,2018-Q2,2018,Non-Gaming,85614032.69
U.K.,GBR,2018-Q2,2018,Non-Gaming,154662067.8
U.S.,USA,2018-Q4,2018,Non-Gaming,1698118656
U.K.,GBR,2019-Q2,2019,Non-Gaming,202808696.5
U.S.,USA,2019-Q2,2019,Non-Gaming,1942548393
Australia,AUS,2019-Q3,2019,Non-Gaming,112238534.7
Japan,JPN,2015-Q1,2015,Non-Gaming,172504716.6
France,FRA,2015-Q3,2015,Non-Gaming,31604277.78
India,IND,2015-Q3,2015,Non-Gaming,3839975.37
Japan,JPN,2015-Q4,2015,Non-Gaming,197243278.8
Mexico,MEX,2015-Q4,2015,Non-Gaming,10666922.82
Brazil,BRA,2016-Q1,2016,Non-Gaming,19475415.27
Canada,CAN,2016-Q1,2016,Non-Gaming,31282808.83
Indonesia,IDN,2016-Q1,2016,Non-Gaming,4297215.4
India,IND,2016-Q1,2016,Non-Gaming,5304482.81
Brazil,BRA,2016-Q2,2016,Non-Gaming,22234065.64
Vietnam,VNM,2016-Q2,2016,Non-Gaming,1149641.2
Brazil,BRA,2016-Q3,2016,Non-Gaming,23191914.07
Canada,CAN,2016-Q3,2016,Non-Gaming,38740739.64
France,FRA,2016-Q3,2016,Non-Gaming,40980125.73
Indonesia,IDN,2016-Q3,2016,Non-Gaming,8289544.04
India,IND,2016-Q3,2016,Non-Gaming,8412145.84
Japan,JPN,2016-Q3,2016,Non-Gaming,254513270
Australia,AUS,2016-Q4,2016,Non-Gaming,47430524.71
Brazil,BRA,2016-Q4,2016,Non-Gaming,23536742.69
Canada,CAN,2016-Q4,2016,Non-Gaming,39626658.17
Germany,DEU,2016-Q4,2016,Non-Gaming,44437540.34
France,FRA,2016-Q4,2016,Non-Gaming,40485562.63
U.K.,GBR,2016-Q4,2016,Non-Gaming,75147779.24
Indonesia,IDN,2016-Q4,2016,Non-Gaming,11005574.25
India,IND,2016-Q4,2016,Non-Gaming,9936026.5
Japan,JPN,2016-Q4,2016,Non-Gaming,260658384.9
South Korea,KOR,2016-Q4,2016,Non-Gaming,68924847.46
Mexico,MEX,2016-Q4,2016,Non-Gaming,15489452.62
U.S.,USA,2016-Q4,2016,Non-Gaming,624011962.1
Vietnam,VNM,2016-Q4,2016,Non-Gaming,1382263.67
Australia,AUS,2017-Q1,2017,Non-Gaming,52271232.1
Brazil,BRA,2017-Q1,2017,Non-Gaming,29337739.89
Canada,CAN,2017-Q1,2017,Non-Gaming,43524853.28
Germany,DEU,2017-Q1,2017,Non-Gaming,49882609.72
France,FRA,2017-Q1,2017,Non-Gaming,43957026.32
U.K.,GBR,2017-Q1,2017,Non-Gaming,80456669.98
Indonesia,IDN,2017-Q1,2017,Non-Gaming,17736746.26
India,IND,2017-Q1,2017,Non-Gaming,13539456.85
Japan,JPN,2017-Q1,2017,Non-Gaming,282640917.2
South Korea,KOR,2017-Q1,2017,Non-Gaming,73094972.7
Mexico,MEX,2017-Q1,2017,Non-Gaming,17012426.27
U.S.,USA,2017-Q1,2017,Non-Gaming,737874946
Vietnam,VNM,2017-Q1,2017,Non-Gaming,1806616.6
Australia,AUS,2017-Q2,2017,Non-Gaming,53248315.19
Brazil,BRA,2017-Q2,2017,Non-Gaming,33285862.95
Canada,CAN,2017-Q2,2017,Non-Gaming,46371156.91
Germany,DEU,2017-Q2,2017,Non-Gaming,53353581.62
France,FRA,2017-Q2,2017,Non-Gaming,46829163.52
U.K.,GBR,2017-Q2,2017,Non-Gaming,88226712.91
Indonesia,IDN,2017-Q2,2017,Non-Gaming,12100910.01
India,IND,2017-Q2,2017,Non-Gaming,16412430.02
Japan,JPN,2017-Q2,2017,Non-Gaming,286291299
South Korea,KOR,2017-Q2,2017,Non-Gaming,82522682.93
Mexico,MEX,2017-Q2,2017,Non-Gaming,19635367.48
U.S.,USA,2017-Q2,2017,Non-Gaming,819055929.7
Vietnam,VNM,2017-Q2,2017,Non-Gaming,2350714.2
Australia,AUS,2017-Q3,2017,Non-Gaming,62103126.45
Brazil,BRA,2017-Q3,2017,Non-Gaming,37900168.09
Canada,CAN,2017-Q3,2017,Non-Gaming,58683325.74
Germany,DEU,2017-Q3,2017,Non-Gaming,64958478.65
France,FRA,2017-Q3,2017,Non-Gaming,58149549.81
U.K.,GBR,2017-Q3,2017,Non-Gaming,104661947.5
Indonesia,IDN,2017-Q3,2017,Non-Gaming,11032875.49
India,IND,2017-Q3,2017,Non-Gaming,18453163.84
Japan,JPN,2017-Q3,2017,Non-Gaming,322963239.4
South Korea,KOR,2017-Q3,2017,Non-Gaming,82543869.28
Mexico,MEX,2017-Q3,2017,Non-Gaming,24962874.98
U.S.,USA,2017-Q3,2017,Non-Gaming,1026274302
Vietnam,VNM,2017-Q3,2017,Non-Gaming,2560270.42
Australia,AUS,2017-Q4,2017,Non-Gaming,67968036.34
Brazil,BRA,2017-Q4,2017,Non-Gaming,42429609.27
Canada,CAN,2017-Q4,2017,Non-Gaming,64984731.96
France,FRA,2017-Q4,2017,Non-Gaming,66016002.75
U.K.,GBR,2017-Q4,2017,Non-Gaming,119830514.8
Indonesia,IDN,2017-Q4,2017,Non-Gaming,11105266.5
India,IND,2017-Q4,2017,Non-Gaming,22407015.88
Japan,JPN,2017-Q4,2017,Non-Gaming,335553931.3
South Korea,KOR,2017-Q4,2017,Non-Gaming,88749138.41
Mexico,MEX,2017-Q4,2017,Non-Gaming,25120101.94
U.S.,USA,2017-Q4,2017,Non-Gaming,1145951360
Vietnam,VNM,2017-Q4,2017,Non-Gaming,3528793.13
Brazil,BRA,2018-Q1,2018,Non-Gaming,52746614.46
Canada,CAN,2018-Q1,2018,Non-Gaming,75843087.9
Germany,DEU,2018-Q1,2018,Non-Gaming,85632070.68
France,FRA,2018-Q1,2018,Non-Gaming,82223504.03
U.K.,GBR,2018-Q1,2018,Non-Gaming,148200701.5
Indonesia,IDN,2018-Q1,2018,Non-Gaming,13092129.77
India,IND,2018-Q1,2018,Non-Gaming,27652092.8
Japan,JPN,2018-Q1,2018,Non-Gaming,371098035.7
South Korea,KOR,2018-Q1,2018,Non-Gaming,103091764.8
Mexico,MEX,2018-Q1,2018,Non-Gaming,30815563.13
U.S.,USA,2018-Q1,2018,Non-Gaming,1335101024
Vietnam,VNM,2018-Q1,2018,Non-Gaming,4391870.17
Brazil,BRA,2018-Q2,2018,Non-Gaming,60318429.41
Canada,CAN,2018-Q2,2018,Non-Gaming,79995698.74
Germany,DEU,2018-Q2,2018,Non-Gaming,90926259.55
France,FRA,2018-Q2,2018,Non-Gaming,84970127.49
Indonesia,IDN,2018-Q2,2018,Non-Gaming,13340200.66
India,IND,2018-Q2,2018,Non-Gaming,32114202.56
Japan,JPN,2018-Q2,2018,Non-Gaming,432648019.8
South Korea,KOR,2018-Q2,2018,Non-Gaming,112541239.3
Mexico,MEX,2018-Q2,2018,Non-Gaming,33434510.23
U.S.,USA,2018-Q2,2018,Non-Gaming,1489775948
Vietnam,VNM,2018-Q2,2018,Non-Gaming,5103832.92
Australia,AUS,2018-Q3,2018,Non-Gaming,90873188.79
Brazil,BRA,2018-Q3,2018,Non-Gaming,65267268.95
Canada,CAN,2018-Q3,2018,Non-Gaming,90376501.98
Germany,DEU,2018-Q3,2018,Non-Gaming,99936139.2
France,FRA,2018-Q3,2018,Non-Gaming,93922329.9
U.K.,GBR,2018-Q3,2018,Non-Gaming,167264538.5
Indonesia,IDN,2018-Q3,2018,Non-Gaming,13745892.13
India,IND,2018-Q3,2018,Non-Gaming,34291560.85
Japan,JPN,2018-Q3,2018,Non-Gaming,488520198.1
South Korea,KOR,2018-Q3,2018,Non-Gaming,121249705.8
Mexico,MEX,2018-Q3,2018,Non-Gaming,37043579.4
U.S.,USA,2018-Q3,2018,Non-Gaming,1613195381
Vietnam,VNM,2018-Q3,2018,Non-Gaming,6200248.32
Australia,AUS,2018-Q4,2018,Non-Gaming,96215323.56
Brazil,BRA,2018-Q4,2018,Non-Gaming,69644533.48
Canada,CAN,2018-Q4,2018,Non-Gaming,94036119.29
Germany,DEU,2018-Q4,2018,Non-Gaming,104288952
France,FRA,2018-Q4,2018,Non-Gaming,94045515.64
U.K.,GBR,2018-Q4,2018,Non-Gaming,174677189.7
Indonesia,IDN,2018-Q4,2018,Non-Gaming,14463374.58
India,IND,2018-Q4,2018,Non-Gaming,36641771.32
Japan,JPN,2018-Q4,2018,Non-Gaming,543976853
South Korea,KOR,2018-Q4,2018,Non-Gaming,107558605.6
Mexico,MEX,2018-Q4,2018,Non-Gaming,36571504.67
Vietnam,VNM,2018-Q4,2018,Non-Gaming,6746956.44
Australia,AUS,2019-Q1,2019,Non-Gaming,107405354
Brazil,BRA,2019-Q1,2019,Non-Gaming,75595163.55
Canada,CAN,2019-Q1,2019,Non-Gaming,102161790.1
Germany,DEU,2019-Q1,2019,Non-Gaming,114439166.8
France,FRA,2019-Q1,2019,Non-Gaming,101449386.1
U.K.,GBR,2019-Q1,2019,Non-Gaming,190064093.3
Indonesia,IDN,2019-Q1,2019,Non-Gaming,17405453.46
India,IND,2019-Q1,2019,Non-Gaming,39385897.81
Japan,JPN,2019-Q1,2019,Non-Gaming,562999987.6
South Korea,KOR,2019-Q1,2019,Non-Gaming,106475048.2
Mexico,MEX,2019-Q1,2019,Non-Gaming,39183432.13
U.S.,USA,2019-Q1,2019,Non-Gaming,1866955162
Vietnam,VNM,2019-Q1,2019,Non-Gaming,7921776.56
Australia,AUS,2019-Q2,2019,Non-Gaming,106921239.4
Brazil,BRA,2019-Q2,2019,Non-Gaming,89416873.28
Canada,CAN,2019-Q2,2019,Non-Gaming,106450821.2
Germany,DEU,2019-Q2,2019,Non-Gaming,116458447.6
France,FRA,2019-Q2,2019,Non-Gaming,105169756
Indonesia,IDN,2019-Q2,2019,Non-Gaming,20152599.38
India,IND,2019-Q2,2019,Non-Gaming,44473738.6
Japan,JPN,2019-Q2,2019,Non-Gaming,613898335.9
South Korea,KOR,2019-Q2,2019,Non-Gaming,105131318.7
Mexico,MEX,2019-Q2,2019,Non-Gaming,44574746.83
Vietnam,VNM,2019-Q2,2019,Non-Gaming,9717622.16
Brazil,BRA,2019-Q3,2019,Non-Gaming,98832821.48
Canada,CAN,2019-Q3,2019,Non-Gaming,124968231.9
Germany,DEU,2019-Q3,2019,Non-Gaming,124445437.5
France,FRA,2019-Q3,2019,Non-Gaming,116285261
U.K.,GBR,2019-Q3,2019,Non-Gaming,212342783.3
Indonesia,IDN,2019-Q3,2019,Non-Gaming,23986956.26
India,IND,2019-Q3,2019,Non-Gaming,52563189.16
Japan,JPN,2019-Q3,2019,Non-Gaming,690851036.5
South Korea,KOR,2019-Q3,2019,Non-Gaming,118031904.2
Mexico,MEX,2019-Q3,2019,Non-Gaming,46512553.67
U.S.,USA,2019-Q3,2019,Non-Gaming,2062354761
Vietnam,VNM,2019-Q3,2019,Non-Gaming,11240468.25
Australia,AUS,2019-Q4,2019,Non-Gaming,125561645.8
Brazil,BRA,2019-Q4,2019,Non-Gaming,101706968.4
Canada,CAN,2019-Q4,2019,Non-Gaming,138742821.2
Germany,DEU,2019-Q4,2019,Non-Gaming,137989972.7
France,FRA,2019-Q4,2019,Non-Gaming,125889217.2
U.K.,GBR,2019-Q4,2019,Non-Gaming,237235014.4
Indonesia,IDN,2019-Q4,2019,Non-Gaming,28689859.97
India,IND,2019-Q4,2019,Non-Gaming,56270449.52
Japan,JPN,2019-Q4,2019,Non-Gaming,722047918
South Korea,KOR,2019-Q4,2019,Non-Gaming,129037842.1
Mexico,MEX,2019-Q4,2019,Non-Gaming,45769163.72
U.S.,USA,2019-Q4,2019,Non-Gaming,2074025205
Vietnam,VNM,2019-Q4,2019,Non-Gaming,11085000.13
Australia,AUS,2020-Q1,2020,Non-Gaming,130476811.2
Brazil,BRA,2020-Q1,2020,Non-Gaming,99910764.49
Canada,CAN,2020-Q1,2020,Non-Gaming,150800735
Germany,DEU,2020-Q1,2020,Non-Gaming,148010237.8
France,FRA,2020-Q1,2020,Non-Gaming,132794783.8
U.K.,GBR,2020-Q1,2020,Non-Gaming,246218367.3
Indonesia,IDN,2020-Q1,2020,Non-Gaming,32198430.39
India,IND,2020-Q1,2020,Non-Gaming,58016919.08
Japan,JPN,2020-Q1,2020,Non-Gaming,752505338.1
South Korea,KOR,2020-Q1,2020,Non-Gaming,137406383
Mexico,MEX,2020-Q1,2020,Non-Gaming,49332555.92
U.S.,USA,2020-Q1,2020,Non-Gaming,2237131217
Vietnam,VNM,2020-Q1,2020,Non-Gaming,13120471.65
Australia,AUS,2020-Q2,2020,Non-Gaming,138984634.2
Brazil,BRA,2020-Q2,2020,Non-Gaming,87744484.42
Canada,CAN,2020-Q2,2020,Non-Gaming,172884440
Germany,DEU,2020-Q2,2020,Non-Gaming,169959506.9
France,FRA,2020-Q2,2020,Non-Gaming,148799825.3
U.K.,GBR,2020-Q2,2020,Non-Gaming,293750860.8
Indonesia,IDN,2020-Q2,2020,Non-Gaming,31749547.62
India,IND,2020-Q2,2020,Non-Gaming,74715759.93
Japan,JPN,2020-Q2,2020,Non-Gaming,932318521
South Korea,KOR,2020-Q2,2020,Non-Gaming,141702677
Mexico,MEX,2020-Q2,2020,Non-Gaming,47205567.99
U.S.,USA,2020-Q2,2020,Non-Gaming,2552716789
Vietnam,VNM,2020-Q2,2020,Non-Gaming,14481825.05
Australia,AUS,2020-Q3,2020,Non-Gaming,177715228.8
Brazil,BRA,2020-Q3,2020,Non-Gaming,98019081.31
Canada,CAN,2020-Q3,2020,Non-Gaming,191771212.3
Germany,DEU,2020-Q3,2020,Non-Gaming,196974324.7
France,FRA,2020-Q3,2020,Non-Gaming,160637185
U.K.,GBR,2020-Q3,2020,Non-Gaming,314505729.5
Indonesia,IDN,2020-Q3,2020,Non-Gaming,33843807.23
India,IND,2020-Q3,2020,Non-Gaming,74599431
Japan,JPN,2020-Q3,2020,Non-Gaming,1086737973
South Korea,KOR,2020-Q3,2020,Non-Gaming,165674000.7
Mexico,MEX,2020-Q3,2020,Non-Gaming,48651535.08
U.S.,USA,2020-Q3,2020,Non-Gaming,2869708064
Vietnam,VNM,2020-Q3,2020,Non-Gaming,15946352.25
Australia,AUS,2020-Q4,2020,Non-Gaming,185214118.8
Brazil,BRA,2020-Q4,2020,Non-Gaming,93255757.83
Canada,CAN,2020-Q4,2020,Non-Gaming,206751892.4
Germany,DEU,2020-Q4,2020,Non-Gaming,219660925.2
France,FRA,2020-Q4,2020,Non-Gaming,171466652.6
U.K.,GBR,2020-Q4,2020,Non-Gaming,327521654.2
Indonesia,IDN,2020-Q4,2020,Non-Gaming,36606395.99
India,IND,2020-Q4,2020,Non-Gaming,69564662.64
Japan,JPN,2020-Q4,2020,Non-Gaming,1083941507
South Korea,KOR,2020-Q4,2020,Non-Gaming,190358251.2
Mexico,MEX,2020-Q4,2020,Non-Gaming,52215868.36
U.S.,USA,2020-Q4,2020,Non-Gaming,2970671156
Vietnam,VNM,2020-Q4,2020,Non-Gaming,17009769.15
Australia,AUS,2021-Q1,2021,Non-Gaming,226165051.5
Brazil,BRA,2021-Q1,2021,Non-Gaming,101810027.3
Canada,CAN,2021-Q1,2021,Non-Gaming,237964540.6
Germany,DEU,2021-Q1,2021,Non-Gaming,247371578.1
France,FRA,2021-Q1,2021,Non-Gaming,181041969.8
U.K.,GBR,2021-Q1,2021,Non-Gaming,385399717.4
Indonesia,IDN,2021-Q1,2021,Non-Gaming,40690824.87
India,IND,2021-Q1,2021,Non-Gaming,67136141.46
Japan,JPN,2021-Q1,2021,Non-Gaming,1169752332
South Korea,KOR,2021-Q1,2021,Non-Gaming,196443168.6
Mexico,MEX,2021-Q1,2021,Non-Gaming,64504015.8
U.S.,USA,2021-Q1,2021,Non-Gaming,3317694745
Vietnam,VNM,2021-Q1,2021,Non-Gaming,21086295.03
Australia,AUS,2021-Q2,2021,Non-Gaming,231255559.4
Brazil,BRA,2021-Q2,2021,Non-Gaming,107963667.8
Canada,CAN,2021-Q2,2021,Non-Gaming,262156913.6
Germany,DEU,2021-Q2,2021,Non-Gaming,251467664.3
France,FRA,2021-Q2,2021,Non-Gaming,200807543.5
U.K.,GBR,2021-Q2,2021,Non-Gaming,404218451.1
Indonesia,IDN,2021-Q2,2021,Non-Gaming,44368315.5
India,IND,2021-Q2,2021,Non-Gaming,70017328.18
Japan,JPN,2021-Q2,2021,Non-Gaming,1216934746
South Korea,KOR,2021-Q2,2021,Non-Gaming,199171204.1
Mexico,MEX,2021-Q2,2021,Non-Gaming,64005249.01
U.S.,USA,2021-Q2,2021,Non-Gaming,3687854200
Vietnam,VNM,2021-Q2,2021,Non-Gaming,23109610.29
Australia,AUS,2021-Q3,2021,Non-Gaming,250610402.4
Brazil,BRA,2021-Q3,2021,Non-Gaming,124420415.8
Canada,CAN,2021-Q3,2021,Non-Gaming,267132414.2
Germany,DEU,2021-Q3,2021,Non-Gaming,262400171.6
France,FRA,2021-Q3,2021,Non-Gaming,213166081.9
U.K.,GBR,2021-Q3,2021,Non-Gaming,416138989.8
Indonesia,IDN,2021-Q3,2021,Non-Gaming,47576907.34
India,IND,2021-Q3,2021,Non-Gaming,67677437.78
Japan,JPN,2021-Q3,2021,Non-Gaming,1308499333
South Korea,KOR,2021-Q3,2021,Non-Gaming,209102932.4
Mexico,MEX,2021-Q3,2021,Non-Gaming,72648243.31
U.S.,USA,2021-Q3,2021,Non-Gaming,4008674978
Vietnam,VNM,2021-Q3,2021,Non-Gaming,29296975.23
Australia,AUS,2021-Q4,2021,Non-Gaming,269174073.9
Brazil,BRA,2021-Q4,2021,Non-Gaming,132937157.5
Canada,CAN,2021-Q4,2021,Non-Gaming,280326853.6
Germany,DEU,2021-Q4,2021,Non-Gaming,283587758.8
France,FRA,2021-Q4,2021,Non-Gaming,216904823.4
U.K.,GBR,2021-Q4,2021,Non-Gaming,424537907.9
Indonesia,IDN,2021-Q4,2021,Non-Gaming,50605172.58
India,IND,2021-Q4,2021,Non-Gaming,59021204.61
Japan,JPN,2021-Q4,2021,Non-Gaming,1281366357
South Korea,KOR,2021-Q4,2021,Non-Gaming,212897194.7
Mexico,MEX,2021-Q4,2021,Non-Gaming,73852511.47
U.S.,USA,2021-Q4,2021,Non-Gaming,4214529695
Vietnam,VNM,2021-Q4,2021,Non-Gaming,31400822.5
Australia,AUS,2022-Q1,2022,Non-Gaming,275964168.9
Brazil,BRA,2022-Q1,2022,Non-Gaming,158267748.1
Canada,CAN,2022-Q1,2022,Non-Gaming,301010853.9
Germany,DEU,2022-Q1,2022,Non-Gaming,307513076.5
France,FRA,2022-Q1,2022,Non-Gaming,234438548.5
U.K.,GBR,2022-Q1,2022,Non-Gaming,458874708.2
Indonesia,IDN,2022-Q1,2022,Non-Gaming,53228591.25
India,IND,2022-Q1,2022,Non-Gaming,62408097.04
Japan,JPN,2022-Q1,2022,Non-Gaming,1264761153
South Korea,KOR,2022-Q1,2022,Non-Gaming,219678689.4
Mexico,MEX,2022-Q1,2022,Non-Gaming,80826076.57
U.S.,USA,2022-Q1,2022,Non-Gaming,4426148178
Vietnam,VNM,2022-Q1,2022,Non-Gaming,28377847.76
Australia,AUS,2022-Q2,2022,Non-Gaming,270166189.9
Brazil,BRA,2022-Q2,2022,Non-Gaming,186902976.6
Canada,CAN,2022-Q2,2022,Non-Gaming,298398244.2
Germany,DEU,2022-Q2,2022,Non-Gaming,308862332.2
France,FRA,2022-Q2,2022,Non-Gaming,230461127.2
U.K.,GBR,2022-Q2,2022,Non-Gaming,430385751.1
Indonesia,IDN,2022-Q2,2022,Non-Gaming,52890244.16
India,IND,2022-Q2,2022,Non-Gaming,70348851.59
Japan,JPN,2022-Q2,2022,Non-Gaming,1200741705
South Korea,KOR,2022-Q2,2022,Non-Gaming,216184079.7
Mexico,MEX,2022-Q2,2022,Non-Gaming,91154366.43
U.S.,USA,2022-Q2,2022,Non-Gaming,4811866343
Vietnam,VNM,2022-Q2,2022,Non-Gaming,27601168.98
Australia,AUS,2022-Q3,2022,Non-Gaming,279298928.4
Brazil,BRA,2022-Q3,2022,Non-Gaming,197233069
Canada,CAN,2022-Q3,2022,Non-Gaming,311980575.8
Germany,DEU,2022-Q3,2022,Non-Gaming,313414202.6
France,FRA,2022-Q3,2022,Non-Gaming,230838062.2
U.K.,GBR,2022-Q3,2022,Non-Gaming,432758926.3
Indonesia,IDN,2022-Q3,2022,Non-Gaming,62652245.99
India,IND,2022-Q3,2022,Non-Gaming,75654321.85
Japan,JPN,2022-Q3,2022,Non-Gaming,1179503540
South Korea,KOR,2022-Q3,2022,Non-Gaming,246877045.9
Mexico,MEX,2022-Q3,2022,Non-Gaming,101058475.1
U.S.,USA,2022-Q3,2022,Non-Gaming,5041360527
Vietnam,VNM,2022-Q3,2022,Non-Gaming,32123385.75
Australia,AUS,2022-Q4,2022,Non-Gaming,280787028.2
Brazil,BRA,2022-Q4,2022,Non-Gaming,216336090.4
Canada,CAN,2022-Q4,2022,Non-Gaming,319377702.1
Germany,DEU,2022-Q4,2022,Non-Gaming,328340874.8
France,FRA,2022-Q4,2022,Non-Gaming,238952989.6
U.K.,GBR,2022-Q4,2022,Non-Gaming,446114916.1
Indonesia,IDN,2022-Q4,2022,Non-Gaming,67056719.97
India,IND,2022-Q4,2022,Non-Gaming,81356033.86
Japan,JPN,2022-Q4,2022,Non-Gaming,1137407200
South Korea,KOR,2022-Q4,2022,Non-Gaming,261919170.3
Mexico,MEX,2022-Q4,2022,Non-Gaming,109058325.8
U.S.,USA,2022-Q4,2022,Non-Gaming,5349036419
Vietnam,VNM,2022-Q4,2022,Non-Gaming,31486581.6
Australia,AUS,2023-Q1,2023,Non-Gaming,306064397.4
Brazil,BRA,2023-Q1,2023,Non-Gaming,238495177.9
Canada,CAN,2023-Q1,2023,Non-Gaming,335235886
Germany,DEU,2023-Q1,2023,Non-Gaming,371565671
France,FRA,2023-Q1,2023,Non-Gaming,268661180.8
U.K.,GBR,2023-Q1,2023,Non-Gaming,499597541.1
Indonesia,IDN,2023-Q1,2023,Non-Gaming,68919992.6
India,IND,2023-Q1,2023,Non-Gaming,86566345.05
Japan,JPN,2023-Q1,2023,Non-Gaming,1245446140
South Korea,KOR,2023-Q1,2023,Non-Gaming,310341000.2
Mexico,MEX,2023-Q1,2023,Non-Gaming,130148233.1
U.S.,USA,2023-Q1,2023,Non-Gaming,5607052441
Vietnam,VNM,2023-Q1,2023,Non-Gaming,32829259.45
Australia,AUS,2023-Q2,2023,Non-Gaming,305300058.8
Brazil,BRA,2023-Q2,2023,Non-Gaming,264249881.4
Canada,CAN,2023-Q2,2023,Non-Gaming,332161199.7
Germany,DEU,2023-Q2,2023,Non-Gaming,399711064.6
France,FRA,2023-Q2,2023,Non-Gaming,283757291.3
U.K.,GBR,2023-Q2,2023,Non-Gaming,542280424.3
Indonesia,IDN,2023-Q2,2023,Non-Gaming,76289361.06
India,IND,2023-Q2,2023,Non-Gaming,92125742.69
Japan,JPN,2023-Q2,2023,Non-Gaming,1337783262
South Korea,KOR,2023-Q2,2023,Non-Gaming,306823953.2
Mexico,MEX,2023-Q2,2023,Non-Gaming,160944165
U.S.,USA,2023-Q2,2023,Non-Gaming,5820446733
Vietnam,VNM,2023-Q2,2023,Non-Gaming,34659101.31
Australia,AUS,2023-Q3,2023,Non-Gaming,317938828.6
Brazil,BRA,2023-Q3,2023,Non-Gaming,293511410.8
Canada,CAN,2023-Q3,2023,Non-Gaming,355437918.7
Germany,DEU,2023-Q3,2023,Non-Gaming,430317220.5
France,FRA,2023-Q3,2023,Non-Gaming,305718407.9
U.K.,GBR,2023-Q3,2023,Non-Gaming,601023217.9
Indonesia,IDN,2023-Q3,2023,Non-Gaming,102935624.3
India,IND,2023-Q3,2023,Non-Gaming,91803637.64
Japan,JPN,2023-Q3,2023,Non-Gaming,1226084603
South Korea,KOR,2023-Q3,2023,Non-Gaming,331733183.7
Mexico,MEX,2023-Q3,2023,Non-Gaming,170791557
U.S.,USA,2023-Q3,2023,Non-Gaming,6109502784
Vietnam,VNM,2023-Q3,2023,Non-Gaming,36847410.59
Australia,AUS,2023-Q4,2023,Non-Gaming,340859739.8
Brazil,BRA,2023-Q4,2023,Non-Gaming,289360475.4
Canada,CAN,2023-Q4,2023,Non-Gaming,373102586.6
Germany,DEU,2023-Q4,2023,Non-Gaming,449668734
France,FRA,2023-Q4,2023,Non-Gaming,311686272
U.K.,GBR,2023-Q4,2023,Non-Gaming,605016047.7
Indonesia,IDN,2023-Q4,2023,Non-Gaming,100325824
India,IND,2023-Q4,2023,Non-Gaming,94663369.75
Japan,JPN,2023-Q4,2023,Non-Gaming,1262670920
South Korea,KOR,2023-Q4,2023,Non-Gaming,343393685.5
Mexico,MEX,2023-Q4,2023,Non-Gaming,190715132.4
U.S.,USA,2023-Q4,2023,Non-Gaming,6461902617
Vietnam,VNM,2023-Q4,2023,Non-Gaming,38556943.14
Australia,AUS,2024-Q1,2024,Non-Gaming,366237472
Brazil,BRA,2024-Q1,2024,Non-Gaming,308207704.4
Canada,CAN,2024-Q1,2024,Non-Gaming,394972814.1
Germany,DEU,2024-Q1,2024,Non-Gaming,492027408.3
France,FRA,2024-Q1,2024,Non-Gaming,337316537.6
U.K.,GBR,2024-Q1,2024,Non-Gaming,650530002.5
Indonesia,IDN,2024-Q1,2024,Non-Gaming,110553950.3
India,IND,2024-Q1,2024,Non-Gaming,102268272.2
Japan,JPN,2024-Q1,2024,Non-Gaming,1303047732
South Korea,KOR,2024-Q1,2024,Non-Gaming,354039862.5
Mexico,MEX,2024-Q1,2024,Non-Gaming,218365448.7
U.S.,USA,2024-Q1,2024,Non-Gaming,6971420597
Vietnam,VNM,2024-Q1,2024,Non-Gaming,39389486.93
Australia,AUS,2024-Q2,2024,Non-Gaming,366853087.5
Brazil,BRA,2024-Q2,2024,Non-Gaming,306482133
Canada,CAN,2024-Q2,2024,Non-Gaming,401795684.2
Germany,DEU,2024-Q2,2024,Non-Gaming,539210489.2
France,FRA,2024-Q2,2024,Non-Gaming,384356167.4
U.K.,GBR,2024-Q2,2024,Non-Gaming,701478315.5
Indonesia,IDN,2024-Q2,2024,Non-Gaming,114837917.4
India,IND,2024-Q2,2024,Non-Gaming,115622759.4
Japan,JPN,2024-Q2,2024,Non-Gaming,1347056929
South Korea,KOR,2024-Q2,2024,Non-Gaming,350524551.7
Mexico,MEX,2024-Q2,2024,Non-Gaming,234275042.9
U.S.,USA,2024-Q2,2024,Non-Gaming,7251277331
Vietnam,VNM,2024-Q2,2024,Non-Gaming,39826961.17
Australia,AUS,2024-Q3,2024,Non-Gaming,383399773
Brazil,BRA,2024-Q3,2024,Non-Gaming,343459574.5
Canada,CAN,2024-Q3,2024,Non-Gaming,431057497.8
Germany,DEU,2024-Q3,2024,Non-Gaming,620578944
France,FRA,2024-Q3,2024,Non-Gaming,462097848.9
U.K.,GBR,2024-Q3,2024,Non-Gaming,781269864
Indonesia,IDN,2024-Q3,2024,Non-Gaming,148072859.7
India,IND,2024-Q3,2024,Non-Gaming,125389163.2
Japan,JPN,2024-Q3,2024,Non-Gaming,1400873654
South Korea,KOR,2024-Q3,2024,Non-Gaming,407064479.2
Mexico,MEX,2024-Q3,2024,Non-Gaming,229541556.6
U.S.,USA,2024-Q3,2024,Non-Gaming,7523595163
Vietnam,VNM,2024-Q3,2024,Non-Gaming,45097244.85
Australia,AUS,2024-Q4,2024,Non-Gaming,411825250.2
Brazil,BRA,2024-Q4,2024,Non-Gaming,383760582.5
Canada,CAN,2024-Q4,2024,Non-Gaming,441725224.6
Germany,DEU,2024-Q4,2024,Non-Gaming,637455245.1
France,FRA,2024-Q4,2024,Non-Gaming,452957173.2
U.K.,GBR,2024-Q4,2024,Non-Gaming,813818590.9
Indonesia,IDN,2024-Q4,2024,Non-Gaming,172061010.5
India,IND,2024-Q4,2024,Non-Gaming,139424715.9
Japan,JPN,2024-Q4,2024,Non-Gaming,1351332320
South Korea,KOR,2024-Q4,2024,Non-Gaming,424048489.7
Mexico,MEX,2024-Q4,2024,Non-Gaming,241681389.9
U.S.,USA,2024-Q4,2024,Non-Gaming,7881316665
Vietnam,VNM,2024-Q4,2024,Non-Gaming,48894741.33
Australia,AUS,2014-Q1,2014,Gaming,108756003.8
Brazil,BRA,2014-Q1,2014,Gaming,24585951.59
Canada,CAN,2014-Q1,2014,Gaming,97920821.21
Germany,DEU,2014-Q1,2014,Gaming,152213820.5
France,FRA,2014-Q1,2014,Gaming,101183510.3
U.K.,GBR,2014-Q1,2014,Gaming,183596213.7
Indonesia,IDN,2014-Q1,2014,Gaming,10900119.1
India,IND,2014-Q1,2014,Gaming,4262349.37
Japan,JPN,2014-Q1,2014,Gaming,1068455698
South Korea,KOR,2014-Q1,2014,Gaming,210268812.7
Mexico,MEX,2014-Q1,2014,Gaming,15853947.52
U.S.,USA,2014-Q1,2014,Gaming,1111123001
Vietnam,VNM,2014-Q1,2014,Gaming,1882063.54
Australia,AUS,2014-Q2,2014,Gaming,130857763.7
Brazil,BRA,2014-Q2,2014,Gaming,29392727.68
Canada,CAN,2014-Q2,2014,Gaming,107138732
Germany,DEU,2014-Q2,2014,Gaming,147064390.2
France,FRA,2014-Q2,2014,Gaming,111353235.1
U.K.,GBR,2014-Q2,2014,Gaming,206664619.2
Indonesia,IDN,2014-Q2,2014,Gaming,13923485.57
India,IND,2014-Q2,2014,Gaming,4639084.71
Japan,JPN,2014-Q2,2014,Gaming,1316591474
South Korea,KOR,2014-Q2,2014,Gaming,275272582.9
Mexico,MEX,2014-Q2,2014,Gaming,16339960.43
U.S.,USA,2014-Q2,2014,Gaming,1249692057
Vietnam,VNM,2014-Q2,2014,Gaming,2033801.7
Australia,AUS,2014-Q3,2014,Gaming,154634155.7
Brazil,BRA,2014-Q3,2014,Gaming,31699058.17
Canada,CAN,2014-Q3,2014,Gaming,121283240.5
Germany,DEU,2014-Q3,2014,Gaming,141184150.5
France,FRA,2014-Q3,2014,Gaming,113086187
U.K.,GBR,2014-Q3,2014,Gaming,213084408.4
Indonesia,IDN,2014-Q3,2014,Gaming,16672351.9
India,IND,2014-Q3,2014,Gaming,5623066.13
Japan,JPN,2014-Q3,2014,Gaming,1547046300
South Korea,KOR,2014-Q3,2014,Gaming,465370335.4
Mexico,MEX,2014-Q3,2014,Gaming,16680488.95
U.S.,USA,2014-Q3,2014,Gaming,1344805655
Vietnam,VNM,2014-Q3,2014,Gaming,3126976.72
Australia,AUS,2014-Q4,2014,Gaming,138915711.1
Brazil,BRA,2014-Q4,2014,Gaming,32823696.65
Canada,CAN,2014-Q4,2014,Gaming,128776915.8
Germany,DEU,2014-Q4,2014,Gaming,153660660.1
France,FRA,2014-Q4,2014,Gaming,113210633.7
U.K.,GBR,2014-Q4,2014,Gaming,220778249
Indonesia,IDN,2014-Q4,2014,Gaming,15154323.55
India,IND,2014-Q4,2014,Gaming,6696419.5
Japan,JPN,2014-Q4,2014,Gaming,1701061180
South Korea,KOR,2014-Q4,2014,Gaming,491305736.4
Mexico,MEX,2014-Q4,2014,Gaming,16855722.42
U.S.,USA,2014-Q4,2014,Gaming,1426775390
Vietnam,VNM,2014-Q4,2014,Gaming,3451780.32
Australia,AUS,2015-Q1,2015,Gaming,132730705.7
Brazil,BRA,2015-Q1,2015,Gaming,38007149.02
Canada,CAN,2015-Q1,2015,Gaming,132396033.7
Germany,DEU,2015-Q1,2015,Gaming,141466729.7
France,FRA,2015-Q1,2015,Gaming,104003783.5
U.K.,GBR,2015-Q1,2015,Gaming,200131783.7
Indonesia,IDN,2015-Q1,2015,Gaming,13626406.46
India,IND,2015-Q1,2015,Gaming,6800814.62
Japan,JPN,2015-Q1,2015,Gaming,1813381556
South Korea,KOR,2015-Q1,2015,Gaming,473697842.1
Mexico,MEX,2015-Q1,2015,Gaming,17635650.57
U.S.,USA,2015-Q1,2015,Gaming,1721599045
Vietnam,VNM,2015-Q1,2015,Gaming,4644696.34
Australia,AUS,2015-Q2,2015,Gaming,141711476.2
Brazil,BRA,2015-Q2,2015,Gaming,35993140.77
Canada,CAN,2015-Q2,2015,Gaming,130667669
Germany,DEU,2015-Q2,2015,Gaming,140279784.1
France,FRA,2015-Q2,2015,Gaming,105212446.9
U.K.,GBR,2015-Q2,2015,Gaming,205772175.3
Indonesia,IDN,2015-Q2,2015,Gaming,14281391.83
India,IND,2015-Q2,2015,Gaming,7870793.36
Japan,JPN,2015-Q2,2015,Gaming,1787345574
South Korea,KOR,2015-Q2,2015,Gaming,444908950.9
Mexico,MEX,2015-Q2,2015,Gaming,17867544.28
U.S.,USA,2015-Q2,2015,Gaming,1669848415
Vietnam,VNM,2015-Q2,2015,Gaming,5261303.96
Australia,AUS,2015-Q3,2015,Gaming,144400079.3
Brazil,BRA,2015-Q3,2015,Gaming,34803558.73
Canada,CAN,2015-Q3,2015,Gaming,129814467.9
Germany,DEU,2015-Q3,2015,Gaming,148384368.3
France,FRA,2015-Q3,2015,Gaming,115581582.9
U.K.,GBR,2015-Q3,2015,Gaming,222794804.9
Indonesia,IDN,2015-Q3,2015,Gaming,17522082.82
India,IND,2015-Q3,2015,Gaming,9665832.44
Japan,JPN,2015-Q3,2015,Gaming,1889661747
South Korea,KOR,2015-Q3,2015,Gaming,507950203.9
Mexico,MEX,2015-Q3,2015,Gaming,21532420.07
U.S.,USA,2015-Q3,2015,Gaming,1716940029
Vietnam,VNM,2015-Q3,2015,Gaming,5206204.82
Australia,AUS,2015-Q4,2015,Gaming,138797665.4
Brazil,BRA,2015-Q4,2015,Gaming,35539439.35
Canada,CAN,2015-Q4,2015,Gaming,139913186
Germany,DEU,2015-Q4,2015,Gaming,172121362.7
France,FRA,2015-Q4,2015,Gaming,127748303.6
U.K.,GBR,2015-Q4,2015,Gaming,219864634.7
Indonesia,IDN,2015-Q4,2015,Gaming,20239626.39
India,IND,2015-Q4,2015,Gaming,11269904.75
Japan,JPN,2015-Q4,2015,Gaming,2445727568
South Korea,KOR,2015-Q4,2015,Gaming,519498792.1
Mexico,MEX,2015-Q4,2015,Gaming,24881659.91
U.S.,USA,2015-Q4,2015,Gaming,1857476836
Vietnam,VNM,2015-Q4,2015,Gaming,5894498.73
Australia,AUS,2016-Q1,2016,Gaming,156813288.8
Brazil,BRA,2016-Q1,2016,Gaming,38002998.02
Canada,CAN,2016-Q1,2016,Gaming,149619693.5
Germany,DEU,2016-Q1,2016,Gaming,190024183.7
France,FRA,2016-Q1,2016,Gaming,159315172.2
U.K.,GBR,2016-Q1,2016,Gaming,235522538.3
Indonesia,IDN,2016-Q1,2016,Gaming,26789783.55
India,IND,2016-Q1,2016,Gaming,12288167.47
Japan,JPN,2016-Q1,2016,Gaming,2451374499
South Korea,KOR,2016-Q1,2016,Gaming,470877673.1
Mexico,MEX,2016-Q1,2016,Gaming,26059461.09
U.S.,USA,2016-Q1,2016,Gaming,2120522019
Vietnam,VNM,2016-Q1,2016,Gaming,6269786.99
Australia,AUS,2016-Q2,2016,Gaming,172074530.4
Brazil,BRA,2016-Q2,2016,Gaming,41287818.34
Canada,CAN,2016-Q2,2016,Gaming,163054910.9
Germany,DEU,2016-Q2,2016,Gaming,194437422.4
France,FRA,2016-Q2,2016,Gaming,142500596.3
U.K.,GBR,2016-Q2,2016,Gaming,234501787.9
Indonesia,IDN,2016-Q2,2016,Gaming,32358065.69
India,IND,2016-Q2,2016,Gaming,13373720.51
Japan,JPN,2016-Q2,2016,Gaming,2583798448
South Korea,KOR,2016-Q2,2016,Gaming,510820590.5
Mexico,MEX,2016-Q2,2016,Gaming,26208496.39
U.S.,USA,2016-Q2,2016,Gaming,2134337272
Vietnam,VNM,2016-Q2,2016,Gaming,6703592.88
Australia,AUS,2016-Q3,2016,Gaming,187243086
Brazil,BRA,2016-Q3,2016,Gaming,45819959.96
Canada,CAN,2016-Q3,2016,Gaming,166844713.6
Germany,DEU,2016-Q3,2016,Gaming,208493887.6
France,FRA,2016-Q3,2016,Gaming,144520414.3
U.K.,GBR,2016-Q3,2016,Gaming,233793552.8
Indonesia,IDN,2016-Q3,2016,Gaming,35111663.59
India,IND,2016-Q3,2016,Gaming,15887066
Japan,JPN,2016-Q3,2016,Gaming,2880408875
South Korea,KOR,2016-Q3,2016,Gaming,670534278
Mexico,MEX,2016-Q3,2016,Gaming,28899857.35
U.S.,USA,2016-Q3,2016,Gaming,2277430409
Vietnam,VNM,2016-Q3,2016,Gaming,7686816.91
Australia,AUS,2016-Q4,2016,Gaming,183906886.3
Brazil,BRA,2016-Q4,2016,Gaming,47450203.61
Canada,CAN,2016-Q4,2016,Gaming,180109619.3
Germany,DEU,2016-Q4,2016,Gaming,246853011.2
France,FRA,2016-Q4,2016,Gaming,160230468
U.K.,GBR,2016-Q4,2016,Gaming,244980401.4
Indonesia,IDN,2016-Q4,2016,Gaming,35342693.31
India,IND,2016-Q4,2016,Gaming,18377281.82
Japan,JPN,2016-Q4,2016,Gaming,2899196810
South Korea,KOR,2016-Q4,2016,Gaming,800803051.8
Mexico,MEX,2016-Q4,2016,Gaming,32152773.1
U.S.,USA,2016-Q4,2016,Gaming,2388433037
Vietnam,VNM,2016-Q4,2016,Gaming,7887289.14
Australia,AUS,2017-Q1,2017,Gaming,173425374.6
Brazil,BRA,2017-Q1,2017,Gaming,49421232.15
Canada,CAN,2017-Q1,2017,Gaming,188102446.4
Germany,DEU,2017-Q1,2017,Gaming,246329101.8
France,FRA,2017-Q1,2017,Gaming,160149466.1
U.K.,GBR,2017-Q1,2017,Gaming,250370013
Indonesia,IDN,2017-Q1,2017,Gaming,40587556.05
India,IND,2017-Q1,2017,Gaming,22846283.34
Japan,JPN,2017-Q1,2017,Gaming,3135735682
South Korea,KOR,2017-Q1,2017,Gaming,735089601.8
Mexico,MEX,2017-Q1,2017,Gaming,33365625.77
U.S.,USA,2017-Q1,2017,Gaming,2645975429
Vietnam,VNM,2017-Q1,2017,Gaming,10129045.7
Australia,AUS,2017-Q2,2017,Gaming,187335368.7
Brazil,BRA,2017-Q2,2017,Gaming,53643184.42
Canada,CAN,2017-Q2,2017,Gaming,187927444.2
Germany,DEU,2017-Q2,2017,Gaming,252622405.5
France,FRA,2017-Q2,2017,Gaming,158797305.4
U.K.,GBR,2017-Q2,2017,Gaming,247611070.7
Indonesia,IDN,2017-Q2,2017,Gaming,44568089.07
India,IND,2017-Q2,2017,Gaming,28734256.1
Japan,JPN,2017-Q2,2017,Gaming,2818645582
South Korea,KOR,2017-Q2,2017,Gaming,636646125.3
Mexico,MEX,2017-Q2,2017,Gaming,35578380.52
U.S.,USA,2017-Q2,2017,Gaming,2663304571
Vietnam,VNM,2017-Q2,2017,Gaming,13542166.54
Australia,AUS,2017-Q3,2017,Gaming,210896842.6
Brazil,BRA,2017-Q3,2017,Gaming,56107867.1
Canada,CAN,2017-Q3,2017,Gaming,207465974.5
Germany,DEU,2017-Q3,2017,Gaming,278750915.7
France,FRA,2017-Q3,2017,Gaming,184495704.6
U.K.,GBR,2017-Q3,2017,Gaming,248697590.8
Indonesia,IDN,2017-Q3,2017,Gaming,44920103.23
India,IND,2017-Q3,2017,Gaming,25322941.99
Japan,JPN,2017-Q3,2017,Gaming,3055516339
South Korea,KOR,2017-Q3,2017,Gaming,892439366.8
Mexico,MEX,2017-Q3,2017,Gaming,38186293.07
U.S.,USA,2017-Q3,2017,Gaming,2747936265
Vietnam,VNM,2017-Q3,2017,Gaming,14982413.29
Australia,AUS,2017-Q4,2017,Gaming,203687960.3
Brazil,BRA,2017-Q4,2017,Gaming,58958248.86
Canada,CAN,2017-Q4,2017,Gaming,210196628.3
Germany,DEU,2017-Q4,2017,Gaming,305247162.8
France,FRA,2017-Q4,2017,Gaming,200037986.6
U.K.,GBR,2017-Q4,2017,Gaming,255704755.6
Indonesia,IDN,2017-Q4,2017,Gaming,46959673.04
India,IND,2017-Q4,2017,Gaming,20303837.29
Japan,JPN,2017-Q4,2017,Gaming,3009200563
South Korea,KOR,2017-Q4,2017,Gaming,832593091.7
Mexico,MEX,2017-Q4,2017,Gaming,36638263.99
U.S.,USA,2017-Q4,2017,Gaming,2845916088
Vietnam,VNM,2017-Q4,2017,Gaming,17335550.44
Australia,AUS,2018-Q1,2018,Gaming,200869664.1
Brazil,BRA,2018-Q1,2018,Gaming,65317763.04
Canada,CAN,2018-Q1,2018,Gaming,205863366.3
Germany,DEU,2018-Q1,2018,Gaming,333136814.5
France,FRA,2018-Q1,2018,Gaming,210571298.2
U.K.,GBR,2018-Q1,2018,Gaming,275462221.4
Indonesia,IDN,2018-Q1,2018,Gaming,48022078.74
India,IND,2018-Q1,2018,Gaming,25403529.49
Japan,JPN,2018-Q1,2018,Gaming,3473198133
South Korea,KOR,2018-Q1,2018,Gaming,843645470.3
Mexico,MEX,2018-Q1,2018,Gaming,39562246.86
U.S.,USA,2018-Q1,2018,Gaming,2919392631
Vietnam,VNM,2018-Q1,2018,Gaming,20974425.46
Australia,AUS,2018-Q2,2018,Gaming,214487006.9
Brazil,BRA,2018-Q2,2018,Gaming,68297316.38
Canada,CAN,2018-Q2,2018,Gaming,212967628.8
Germany,DEU,2018-Q2,2018,Gaming,324317782.6
France,FRA,2018-Q2,2018,Gaming,196119171.7
U.K.,GBR,2018-Q2,2018,Gaming,281847700.2
Indonesia,IDN,2018-Q2,2018,Gaming,51092345.04
India,IND,2018-Q2,2018,Gaming,29346713.13
Japan,JPN,2018-Q2,2018,Gaming,3364344957
South Korea,KOR,2018-Q2,2018,Gaming,819826327.6
Mexico,MEX,2018-Q2,2018,Gaming,39474699.23
U.S.,USA,2018-Q2,2018,Gaming,3143206311
Vietnam,VNM,2018-Q2,2018,Gaming,25680708.77
Australia,AUS,2018-Q3,2018,Gaming,229182180
Brazil,BRA,2018-Q3,2018,Gaming,79487081.85
Canada,CAN,2018-Q3,2018,Gaming,227354624.1
Germany,DEU,2018-Q3,2018,Gaming,346990291.2
France,FRA,2018-Q3,2018,Gaming,202757214.3
U.K.,GBR,2018-Q3,2018,Gaming,290683111.3
Indonesia,IDN,2018-Q3,2018,Gaming,47513350.94
India,IND,2018-Q3,2018,Gaming,26269500.91
Japan,JPN,2018-Q3,2018,Gaming,3433047234
South Korea,KOR,2018-Q3,2018,Gaming,866751226
Mexico,MEX,2018-Q3,2018,Gaming,46690153.92
U.S.,USA,2018-Q3,2018,Gaming,3305444616
Vietnam,VNM,2018-Q3,2018,Gaming,26174216.13
Australia,AUS,2018-Q4,2018,Gaming,217360867.4
Brazil,BRA,2018-Q4,2018,Gaming,107168903.1
Canada,CAN,2018-Q4,2018,Gaming,234556890
Germany,DEU,2018-Q4,2018,Gaming,368951238.7
France,FRA,2018-Q4,2018,Gaming,210898708.5
U.K.,GBR,2018-Q4,2018,Gaming,296189877.1
Indonesia,IDN,2018-Q4,2018,Gaming,52738713.38
India,IND,2018-Q4,2018,Gaming,25048571.09
Japan,JPN,2018-Q4,2018,Gaming,3600087458
South Korea,KOR,2018-Q4,2018,Gaming,874164484.8
Mexico,MEX,2018-Q4,2018,Gaming,54016834.07
U.S.,USA,2018-Q4,2018,Gaming,3511492940
Vietnam,VNM,2018-Q4,2018,Gaming,27227878.52
Australia,AUS,2019-Q1,2019,Gaming,205442764.1
Brazil,BRA,2019-Q1,2019,Gaming,117170777.4
Canada,CAN,2019-Q1,2019,Gaming,247857044.6
Germany,DEU,2019-Q1,2019,Gaming,374659521.4
France,FRA,2019-Q1,2019,Gaming,216705819.5
U.K.,GBR,2019-Q1,2019,Gaming,307220815.1
Indonesia,IDN,2019-Q1,2019,Gaming,60871093
India,IND,2019-Q1,2019,Gaming,26001271.97
Japan,JPN,2019-Q1,2019,Gaming,3803405435
South Korea,KOR,2019-Q1,2019,Gaming,863376260.4
Mexico,MEX,2019-Q1,2019,Gaming,58532693.89
U.S.,USA,2019-Q1,2019,Gaming,3725197433
Vietnam,VNM,2019-Q1,2019,Gaming,33371850.75
Australia,AUS,2019-Q2,2019,Gaming,229766364.7
Brazil,BRA,2019-Q2,2019,Gaming,134611194.9
Canada,CAN,2019-Q2,2019,Gaming,259981179
Germany,DEU,2019-Q2,2019,Gaming,374980923.1
France,FRA,2019-Q2,2019,Gaming,220265256.4
U.K.,GBR,2019-Q2,2019,Gaming,324573404.4
Indonesia,IDN,2019-Q2,2019,Gaming,74955534.93
India,IND,2019-Q2,2019,Gaming,27988825.16
Japan,JPN,2019-Q2,2019,Gaming,3422178439
South Korea,KOR,2019-Q2,2019,Gaming,835109670.1
Mexico,MEX,2019-Q2,2019,Gaming,69502962.28
U.S.,USA,2019-Q2,2019,Gaming,3909981139
Vietnam,VNM,2019-Q2,2019,Gaming,34129855.21
Australia,AUS,2019-Q3,2019,Gaming,250990324
Brazil,BRA,2019-Q3,2019,Gaming,135775855.9
Canada,CAN,2019-Q3,2019,Gaming,283263632.7
Germany,DEU,2019-Q3,2019,Gaming,399754864.5
France,FRA,2019-Q3,2019,Gaming,237244513.1
U.K.,GBR,2019-Q3,2019,Gaming,332512146.1
Indonesia,IDN,2019-Q3,2019,Gaming,79602512.7
India,IND,2019-Q3,2019,Gaming,31729275.31
Japan,JPN,2019-Q3,2019,Gaming,3781939781
South Korea,KOR,2019-Q3,2019,Gaming,778238522.1
Mexico,MEX,2019-Q3,2019,Gaming,75865175.48
U.S.,USA,2019-Q3,2019,Gaming,4157027411
Vietnam,VNM,2019-Q3,2019,Gaming,36634398.15
Australia,AUS,2019-Q4,2019,Gaming,241045086.4
Brazil,BRA,2019-Q4,2019,Gaming,122615845.6
Canada,CAN,2019-Q4,2019,Gaming,297261081.8
Germany,DEU,2019-Q4,2019,Gaming,441331387.9
France,FRA,2019-Q4,2019,Gaming,245037140.9
U.K.,GBR,2019-Q4,2019,Gaming,351326395.3
Indonesia,IDN,2019-Q4,2019,Gaming,90092925.39
India,IND,2019-Q4,2019,Gaming,35177773.47
Japan,JPN,2019-Q4,2019,Gaming,3473131520
South Korea,KOR,2019-Q4,2019,Gaming,1006652119
Mexico,MEX,2019-Q4,2019,Gaming,76112912.93
U.S.,USA,2019-Q4,2019,Gaming,4314214706
Vietnam,VNM,2019-Q4,2019,Gaming,36243635.27
Australia,AUS,2020-Q1,2020,Gaming,235069592.2
Brazil,BRA,2020-Q1,2020,Gaming,127575231.4
Canada,CAN,2020-Q1,2020,Gaming,307803962.9
Germany,DEU,2020-Q1,2020,Gaming,444626528.6
France,FRA,2020-Q1,2020,Gaming,258494645.8
U.K.,GBR,2020-Q1,2020,Gaming,364711236.9
Indonesia,IDN,2020-Q1,2020,Gaming,99642516.8
India,IND,2020-Q1,2020,Gaming,37228284.36
Japan,JPN,2020-Q1,2020,Gaming,3348390254
South Korea,KOR,2020-Q1,2020,Gaming,1123499556
Mexico,MEX,2020-Q1,2020,Gaming,84751884.48
U.S.,USA,2020-Q1,2020,Gaming,4535808363
Vietnam,VNM,2020-Q1,2020,Gaming,45708203.96
Australia,AUS,2020-Q2,2020,Gaming,304308682.4
Brazil,BRA,2020-Q2,2020,Gaming,131799863.2
Canada,CAN,2020-Q2,2020,Gaming,425204658.4
Germany,DEU,2020-Q2,2020,Gaming,497181913.8
France,FRA,2020-Q2,2020,Gaming,299048037.4
U.K.,GBR,2020-Q2,2020,Gaming,466384549
Indonesia,IDN,2020-Q2,2020,Gaming,101855095.1
India,IND,2020-Q2,2020,Gaming,56476297.09
Japan,JPN,2020-Q2,2020,Gaming,3717084042
South Korea,KOR,2020-Q2,2020,Gaming,1054999273
Mexico,MEX,2020-Q2,2020,Gaming,88481095.13
U.S.,USA,2020-Q2,2020,Gaming,6087283590
Vietnam,VNM,2020-Q2,2020,Gaming,47606292.07
Australia,AUS,2020-Q3,2020,Gaming,352453432
Brazil,BRA,2020-Q3,2020,Gaming,119625353.8
Canada,CAN,2020-Q3,2020,Gaming,414665151.3
Germany,DEU,2020-Q3,2020,Gaming,526512288.4
France,FRA,2020-Q3,2020,Gaming,281650262.8
U.K.,GBR,2020-Q3,2020,Gaming,429695818.1
Indonesia,IDN,2020-Q3,2020,Gaming,94768229.81
India,IND,2020-Q3,2020,Gaming,43235001.75
Japan,JPN,2020-Q3,2020,Gaming,4195709866
South Korea,KOR,2020-Q3,2020,Gaming,1346645051
Mexico,MEX,2020-Q3,2020,Gaming,99263830.32
U.S.,USA,2020-Q3,2020,Gaming,5730967556
Vietnam,VNM,2020-Q3,2020,Gaming,50390789.78
Australia,AUS,2020-Q4,2020,Gaming,317963862.9
Brazil,BRA,2020-Q4,2020,Gaming,125249497.9
Canada,CAN,2020-Q4,2020,Gaming,424951827.6
Germany,DEU,2020-Q4,2020,Gaming,587322148.5
France,FRA,2020-Q4,2020,Gaming,311790660.1
U.K.,GBR,2020-Q4,2020,Gaming,463483386.9
Indonesia,IDN,2020-Q4,2020,Gaming,105308428.3
India,IND,2020-Q4,2020,Gaming,39371910.29
Japan,JPN,2020-Q4,2020,Gaming,3940205819
South Korea,KOR,2020-Q4,2020,Gaming,1309742506
Mexico,MEX,2020-Q4,2020,Gaming,106553172
U.S.,USA,2020-Q4,2020,Gaming,5549484795
Vietnam,VNM,2020-Q4,2020,Gaming,55512547.15
Australia,AUS,2021-Q1,2021,Gaming,329024581
Brazil,BRA,2021-Q1,2021,Gaming,117245278.6
Canada,CAN,2021-Q1,2021,Gaming,430114697.7
Germany,DEU,2021-Q1,2021,Gaming,598570553.2
France,FRA,2021-Q1,2021,Gaming,308574675.9
U.K.,GBR,2021-Q1,2021,Gaming,506089838.6
Indonesia,IDN,2021-Q1,2021,Gaming,99610297.35
India,IND,2021-Q1,2021,Gaming,43626362.43
Japan,JPN,2021-Q1,2021,Gaming,4131736924
South Korea,KOR,2021-Q1,2021,Gaming,1348212078
Mexico,MEX,2021-Q1,2021,Gaming,111673710.8
U.S.,USA,2021-Q1,2021,Gaming,6065803583
Vietnam,VNM,2021-Q1,2021,Gaming,63283416
Australia,AUS,2021-Q2,2021,Gaming,331778060.6
Brazil,BRA,2021-Q2,2021,Gaming,121909247.1
Canada,CAN,2021-Q2,2021,Gaming,439703991.3
Germany,DEU,2021-Q2,2021,Gaming,597499284.1
France,FRA,2021-Q2,2021,Gaming,303571198.7
U.K.,GBR,2021-Q2,2021,Gaming,497820951.2
Indonesia,IDN,2021-Q2,2021,Gaming,96972835
India,IND,2021-Q2,2021,Gaming,58011373.31
Japan,JPN,2021-Q2,2021,Gaming,3609464169
South Korea,KOR,2021-Q2,2021,Gaming,1319116794
Mexico,MEX,2021-Q2,2021,Gaming,109232030.7
U.S.,USA,2021-Q2,2021,Gaming,6241291175
Vietnam,VNM,2021-Q2,2021,Gaming,63933942.49
Australia,AUS,2021-Q3,2021,Gaming,368189741.5
Brazil,BRA,2021-Q3,2021,Gaming,122932809.7
Canada,CAN,2021-Q3,2021,Gaming,416773746
Germany,DEU,2021-Q3,2021,Gaming,581052372.9
France,FRA,2021-Q3,2021,Gaming,301219801.5
U.K.,GBR,2021-Q3,2021,Gaming,493677845.5
Indonesia,IDN,2021-Q3,2021,Gaming,92821562.52
India,IND,2021-Q3,2021,Gaming,75137495.4
Japan,JPN,2021-Q3,2021,Gaming,3890348285
South Korea,KOR,2021-Q3,2021,Gaming,1423840335
Mexico,MEX,2021-Q3,2021,Gaming,130038851
U.S.,USA,2021-Q3,2021,Gaming,6060452673
Vietnam,VNM,2021-Q3,2021,Gaming,76744403.99
Australia,AUS,2021-Q4,2021,Gaming,337736475.2
Brazil,BRA,2021-Q4,2021,Gaming,115477627.8
Canada,CAN,2021-Q4,2021,Gaming,406056197
Germany,DEU,2021-Q4,2021,Gaming,603713108.2
France,FRA,2021-Q4,2021,Gaming,292910103.3
U.K.,GBR,2021-Q4,2021,Gaming,500466391
Indonesia,IDN,2021-Q4,2021,Gaming,90572665.29
India,IND,2021-Q4,2021,Gaming,80466856.71
Japan,JPN,2021-Q4,2021,Gaming,3774544232
South Korea,KOR,2021-Q4,2021,Gaming,1324058782
Mexico,MEX,2021-Q4,2021,Gaming,144624622.3
U.S.,USA,2021-Q4,2021,Gaming,6004208008
Vietnam,VNM,2021-Q4,2021,Gaming,76108982.13
Australia,AUS,2022-Q1,2022,Gaming,322112332.5
Brazil,BRA,2022-Q1,2022,Gaming,119656847.4
Canada,CAN,2022-Q1,2022,Gaming,393205113.4
Germany,DEU,2022-Q1,2022,Gaming,569870471.2
France,FRA,2022-Q1,2022,Gaming,293832034.3
U.K.,GBR,2022-Q1,2022,Gaming,464988795
Indonesia,IDN,2022-Q1,2022,Gaming,87012309.89
India,IND,2022-Q1,2022,Gaming,84513327.43
Japan,JPN,2022-Q1,2022,Gaming,3713804501
South Korea,KOR,2022-Q1,2022,Gaming,1278302904
Mexico,MEX,2022-Q1,2022,Gaming,139687957.2
U.S.,USA,2022-Q1,2022,Gaming,5764327361
Vietnam,VNM,2022-Q1,2022,Gaming,66792902.65
Australia,AUS,2022-Q2,2022,Gaming,323354136
Brazil,BRA,2022-Q2,2022,Gaming,126486356.4
Canada,CAN,2022-Q2,2022,Gaming,370070519.8
Germany,DEU,2022-Q2,2022,Gaming,533940713.7
France,FRA,2022-Q2,2022,Gaming,265316988.9
U.K.,GBR,2022-Q2,2022,Gaming,412956509.6
Indonesia,IDN,2022-Q2,2022,Gaming,93321278.37
India,IND,2022-Q2,2022,Gaming,69819365.78
Japan,JPN,2022-Q2,2022,Gaming,3027318020
South Korea,KOR,2022-Q2,2022,Gaming,1130162782
Mexico,MEX,2022-Q2,2022,Gaming,127592712
U.S.,USA,2022-Q2,2022,Gaming,5567039047
Vietnam,VNM,2022-Q2,2022,Gaming,68298512.42
Australia,AUS,2022-Q3,2022,Gaming,335839509.1
Brazil,BRA,2022-Q3,2022,Gaming,124247371.1
Canada,CAN,2022-Q3,2022,Gaming,371118381
Germany,DEU,2022-Q3,2022,Gaming,537364977.1
France,FRA,2022-Q3,2022,Gaming,270482017.7
U.K.,GBR,2022-Q3,2022,Gaming,407591969.3
Indonesia,IDN,2022-Q3,2022,Gaming,96087169.26
India,IND,2022-Q3,2022,Gaming,66499501.04
Japan,JPN,2022-Q3,2022,Gaming,3029491280
South Korea,KOR,2022-Q3,2022,Gaming,1188097167
Mexico,MEX,2022-Q3,2022,Gaming,136606836.6
U.S.,USA,2022-Q3,2022,Gaming,5524621969
Vietnam,VNM,2022-Q3,2022,Gaming,69875309.47
Australia,AUS,2022-Q4,2022,Gaming,310970521.4
Brazil,BRA,2022-Q4,2022,Gaming,134286057.1
Canada,CAN,2022-Q4,2022,Gaming,374075283.1
Germany,DEU,2022-Q4,2022,Gaming,566709838.5
France,FRA,2022-Q4,2022,Gaming,280254389.5
U.K.,GBR,2022-Q4,2022,Gaming,433720087.1
Indonesia,IDN,2022-Q4,2022,Gaming,100507786.7
India,IND,2022-Q4,2022,Gaming,63316681.09
Japan,JPN,2022-Q4,2022,Gaming,2962438272
South Korea,KOR,2022-Q4,2022,Gaming,1179566999
Mexico,MEX,2022-Q4,2022,Gaming,120177431
U.S.,USA,2022-Q4,2022,Gaming,5684173168
Vietnam,VNM,2022-Q4,2022,Gaming,63364412.14
Australia,AUS,2023-Q1,2023,Gaming,307365065.7
Brazil,BRA,2023-Q1,2023,Gaming,126137175.8
Canada,CAN,2023-Q1,2023,Gaming,363171921.9
Germany,DEU,2023-Q1,2023,Gaming,581165455.1
France,FRA,2023-Q1,2023,Gaming,283864622.1
U.K.,GBR,2023-Q1,2023,Gaming,435532316.3
Indonesia,IDN,2023-Q1,2023,Gaming,97665117.22
India,IND,2023-Q1,2023,Gaming,64103233.69
Japan,JPN,2023-Q1,2023,Gaming,3191018634
South Korea,KOR,2023-Q1,2023,Gaming,1335588232
Mexico,MEX,2023-Q1,2023,Gaming,133029179.4
U.S.,USA,2023-Q1,2023,Gaming,5647149168
Vietnam,VNM,2023-Q1,2023,Gaming,64635279.82
Australia,AUS,2023-Q2,2023,Gaming,315169811.4
Brazil,BRA,2023-Q2,2023,Gaming,132137424.5
Canada,CAN,2023-Q2,2023,Gaming,360717564
Germany,DEU,2023-Q2,2023,Gaming,603782431.8
France,FRA,2023-Q2,2023,Gaming,289545750.2
U.K.,GBR,2023-Q2,2023,Gaming,490500201.5
Indonesia,IDN,2023-Q2,2023,Gaming,102518704.9
India,IND,2023-Q2,2023,Gaming,67812328.08
Japan,JPN,2023-Q2,2023,Gaming,2807860428
South Korea,KOR,2023-Q2,2023,Gaming,1205568359
Mexico,MEX,2023-Q2,2023,Gaming,132438186.9
U.S.,USA,2023-Q2,2023,Gaming,5673927528
Vietnam,VNM,2023-Q2,2023,Gaming,63538688.9
Australia,AUS,2023-Q3,2023,Gaming,332831533.9
Brazil,BRA,2023-Q3,2023,Gaming,136845876.5
Canada,CAN,2023-Q3,2023,Gaming,385704175
Germany,DEU,2023-Q3,2023,Gaming,621593091.6
France,FRA,2023-Q3,2023,Gaming,324456129.8
U.K.,GBR,2023-Q3,2023,Gaming,534965638
Indonesia,IDN,2023-Q3,2023,Gaming,97754734.15
India,IND,2023-Q3,2023,Gaming,77834405.66
Japan,JPN,2023-Q3,2023,Gaming,2866458900
South Korea,KOR,2023-Q3,2023,Gaming,1271349910
Mexico,MEX,2023-Q3,2023,Gaming,137257944.5
U.S.,USA,2023-Q3,2023,Gaming,6077582215
Vietnam,VNM,2023-Q3,2023,Gaming,67698698.03
Australia,AUS,2023-Q4,2023,Gaming,326864704.3
Brazil,BRA,2023-Q4,2023,Gaming,143458268.4
Canada,CAN,2023-Q4,2023,Gaming,398513537.3
Germany,DEU,2023-Q4,2023,Gaming,660106953.1
France,FRA,2023-Q4,2023,Gaming,337369482.6
U.K.,GBR,2023-Q4,2023,Gaming,535381217.5
Indonesia,IDN,2023-Q4,2023,Gaming,94594205.32
India,IND,2023-Q4,2023,Gaming,78523381.23
Japan,JPN,2023-Q4,2023,Gaming,2885776266
South Korea,KOR,2023-Q4,2023,Gaming,1237318810
Mexico,MEX,2023-Q4,2023,Gaming,151471885.2
U.S.,USA,2023-Q4,2023,Gaming,6411802036
Vietnam,VNM,2023-Q4,2023,Gaming,66192651.34
Australia,AUS,2024-Q1,2024,Gaming,325651637.7
Brazil,BRA,2024-Q1,2024,Gaming,144742170.9
Canada,CAN,2024-Q1,2024,Gaming,408421876.7
Germany,DEU,2024-Q1,2024,Gaming,668409981.7
France,FRA,2024-Q1,2024,Gaming,356379177.4
U.K.,GBR,2024-Q1,2024,Gaming,554267834.9
Indonesia,IDN,2024-Q1,2024,Gaming,97919830.05
India,IND,2024-Q1,2024,Gaming,77039708.42
Japan,JPN,2024-Q1,2024,Gaming,2935136461
South Korea,KOR,2024-Q1,2024,Gaming,1362800818
Mexico,MEX,2024-Q1,2024,Gaming,167310920.9
U.S.,USA,2024-Q1,2024,Gaming,6691761594
Vietnam,VNM,2024-Q1,2024,Gaming,65186914.39
Australia,AUS,2024-Q2,2024,Gaming,334268418.4
Brazil,BRA,2024-Q2,2024,Gaming,149584663.6
Canada,CAN,2024-Q2,2024,Gaming,404406602.6
Germany,DEU,2024-Q2,2024,Gaming,657971028.7
France,FRA,2024-Q2,2024,Gaming,362971231.7
U.K.,GBR,2024-Q2,2024,Gaming,561736478.7
Indonesia,IDN,2024-Q2,2024,Gaming,100209190.9
India,IND,2024-Q2,2024,Gaming,80880991.16
Japan,JPN,2024-Q2,2024,Gaming,2620783994
South Korea,KOR,2024-Q2,2024,Gaming,1309544432
Mexico,MEX,2024-Q2,2024,Gaming,162598734.6
U.S.,USA,2024-Q2,2024,Gaming,6552939404
Vietnam,VNM,2024-Q2,2024,Gaming,60909813.59
Australia,AUS,2024-Q3,2024,Gaming,358956072.3
Brazil,BRA,2024-Q3,2024,Gaming,145904729.4
Canada,CAN,2024-Q3,2024,Gaming,407782895.4
Germany,DEU,2024-Q3,2024,Gaming,685796213.4
France,FRA,2024-Q3,2024,Gaming,370342650.3
U.K.,GBR,2024-Q3,2024,Gaming,605453970.2
Indonesia,IDN,2024-Q3,2024,Gaming,109821497.8
India,IND,2024-Q3,2024,Gaming,88794749.83
Japan,JPN,2024-Q3,2024,Gaming,2855509369
South Korea,KOR,2024-Q3,2024,Gaming,1351229106
Mexico,MEX,2024-Q3,2024,Gaming,171652169.1
U.S.,USA,2024-Q3,2024,Gaming,6334631419
Vietnam,VNM,2024-Q3,2024,Gaming,67057468.36
Australia,AUS,2024-Q4,2024,Gaming,351289242.2
Brazil,BRA,2024-Q4,2024,Gaming,153043803.5
Canada,CAN,2024-Q4,2024,Gaming,417421990.4
Germany,DEU,2024-Q4,2024,Gaming,715337798.8
France,FRA,2024-Q4,2024,Gaming,383309986.9
U.K.,GBR,2024-Q4,2024,Gaming,617905717.3
Indonesia,IDN,2024-Q4,2024,Gaming,109723986.3
India,IND,2024-Q4,2024,Gaming,92324424.61
Japan,JPN,2024-Q4,2024,Gaming,2824743904
South Korea,KOR,2024-Q4,2024,Gaming,1236667601
Mexico,MEX,2024-Q4,2024,Gaming,167069032.1
U.S.,USA,2024-Q4,2024,Gaming,6383652810
Vietnam,VNM,2024-Q4,2024,Gaming,65755012