Country,Country code,Quarter,Year,Category,Revenue
Australia,AUS,2014-Q1,2014,Non-Gaming,"28,992,269.64"
Brazil,BRA,2014-Q1,2014,Non-Gaming,"13,660,546.09"
Canada,CAN,2014-Q1,2014,Non-Gaming,"23,898,976.59"
Germany,DEU,2014-Q1,2014,Non-Gaming,"43,318,933.96"
France,FRA,2014-Q1,2014,Non-Gaming,"27,946,570.47"
U.K.,GBR,2014-Q1,2014,Non-Gaming,"56,141,501.57"
Indonesia,IDN,2014-Q1,2014,Non-Gaming,"2,136,418.45"
India,IND,2014-Q1,2014,Non-Gaming,"1,740,768.73"
Japan,JPN,2014-Q1,2014,Non-Gaming,"123,204,714.69"
South Korea,KOR,2014-Q1,2014,Non-Gaming,"20,258,367.57"
Mexico,MEX,2014-Q1,2014,Non-Gaming,"7,628,727.14"
U.S.,USA,2014-Q1,2014,Non-Gaming,"262,316,474.36"
Vietnam,VNM,2014-Q1,2014,Non-Gaming,"530,323.24"
Australia,AUS,2014-Q2,2014,Non-Gaming,"29,422,799.31"
Brazil,BRA,2014-Q2,2014,Non-Gaming,"13,672,805.97"
Canada,CAN,2014-Q2,2014,Non-Gaming,"22,273,090.70"
Germany,DEU,2014-Q2,2014,Non-Gaming,"38,709,669.91"
France,FRA,2014-Q2,2014,Non-Gaming,"28,100,323.97"
U.K.,GBR,2014-Q2,2014,Non-Gaming,"57,394,064.03"
Indonesia,IDN,2014-Q2,2014,Non-Gaming,"2,255,120.67"
India,IND,2014-Q2,2014,Non-Gaming,"1,763,020.17"
Japan,JPN,2014-Q2,2014,Non-Gaming,"138,320,589.03"
South Korea,KOR,2014-Q2,2014,Non-Gaming,"19,489,561.78"
Mexico,MEX,2014-Q2,2014,Non-Gaming,"7,108,871.18"
U.S.,USA,2014-Q2,2014,Non-Gaming,"269,043,372.43"
Vietnam,VNM,2014-Q2,2014,Non-Gaming,"566,014.66"
Australia,AUS,2014-Q3,2014,Non-Gaming,"34,891,915.53"
Brazil,BRA,2014-Q3,2014,Non-Gaming,"16,366,258.05"
Canada,CAN,2014-Q3,2014,Non-Gaming,"26,208,999.28"
Germany,DEU,2014-Q3,2014,Non-Gaming,"42,945,828.24"
France,FRA,2014-Q3,2014,Non-Gaming,"32,977,428.94"
U.K.,GBR,2014-Q3,2014,Non-Gaming,"68,198,967.32"
Indonesia,IDN,2014-Q3,2014,Non-Gaming,"2,481,004.85"
India,IND,2014-Q3,2014,Non-Gaming,"2,235,092.53"
Japan,JPN,2014-Q3,2014,Non-Gaming,"172,345,390.25"
South Korea,KOR,2014-Q3,2014,Non-Gaming,"23,478,607.11"
Mexico,MEX,2014-Q3,2014,Non-Gaming,"7,644,667.98"
U.S.,USA,2014-Q3,2014,Non-Gaming,"298,491,601.11"
Vietnam,VNM,2014-Q3,2014,Non-Gaming,"927,069.89"
Australia,AUS,2014-Q4,2014,Non-Gaming,"33,372,875.44"
Brazil,BRA,2014-Q4,2014,Non-Gaming,"15,864,722.03"
Canada,CAN,2014-Q4,2014,Non-Gaming,"26,866,548.29"
Germany,DEU,2014-Q4,2014,Non-Gaming,"41,052,434.24"
France,FRA,2014-Q4,2014,Non-Gaming,"30,758,871.49"
U.K.,GBR,2014-Q4,2014,Non-Gaming,"72,936,822.72"
Indonesia,IDN,2014-Q4,2014,Non-Gaming,"2,463,735.88"
India,IND,2014-Q4,2014,Non-Gaming,"2,528,974.73"
Japan,JPN,2014-Q4,2014,Non-Gaming,"178,265,695.41"
South Korea,KOR,2014-Q4,2014,Non-Gaming,"27,592,207.41"
Mexico,MEX,2014-Q4,2014,Non-Gaming,"7,458,267.41"
U.S.,USA,2014-Q4,2014,Non-Gaming,"295,047,201.90"
Vietnam,VNM,2014-Q4,2014,Non-Gaming,"961,960.95"
Australia,AUS,2015-Q1,2015,Non-Gaming,"35,110,290.46"
Brazil,BRA,2015-Q1,2015,Non-Gaming,"19,774,560.43"
Canada,CAN,2015-Q1,2015,Non-Gaming,"26,546,261.76"
Germany,DEU,2015-Q1,2015,Non-Gaming,"40,233,844.41"
France,FRA,2015-Q1,2015,Non-Gaming,"29,614,395.56"
U.K.,GBR,2015-Q1,2015,Non-Gaming,"72,317,468.81"
Indonesia,IDN,2015-Q1,2015,Non-Gaming,"2,890,366.34"
India,IND,2015-Q1,2015,Non-Gaming,"2,941,340.71"
South Korea,KOR,2015-Q1,2015,Non-Gaming,"32,448,088.03"
Mexico,MEX,2015-Q1,2015,Non-Gaming,"9,170,699.23"
U.S.,USA,2015-Q1,2015,Non-Gaming,"339,813,421.19"
Vietnam,VNM,2015-Q1,2015,Non-Gaming,"1,282,330.14"
Australia,AUS,2015-Q2,2015,Non-Gaming,"35,183,013.16"
Brazil,BRA,2015-Q2,2015,Non-Gaming,"20,594,884.82"
Canada,CAN,2015-Q2,2015,Non-Gaming,"27,048,304.80"
Germany,DEU,2015-Q2,2015,Non-Gaming,"39,393,307.62"
France,FRA,2015-Q2,2015,Non-Gaming,"29,970,101.59"
U.K.,GBR,2015-Q2,2015,Non-Gaming,"73,063,568.90"
Indonesia,IDN,2015-Q2,2015,Non-Gaming,"3,100,052.83"
India,IND,2015-Q2,2015,Non-Gaming,"3,665,317.36"
Japan,JPN,2015-Q2,2015,Non-Gaming,"182,908,636.24"
South Korea,KOR,2015-Q2,2015,Non-Gaming,"31,832,129.40"
Mexico,MEX,2015-Q2,2015,Non-Gaming,"9,712,480.53"
U.S.,USA,2015-Q2,2015,Non-Gaming,"389,610,936.94"
Vietnam,VNM,2015-Q2,2015,Non-Gaming,"1,247,180.10"
Australia,AUS,2015-Q3,2015,Non-Gaming,"32,115,370.98"
Brazil,BRA,2015-Q3,2015,Non-Gaming,"18,827,575.44"
Canada,CAN,2015-Q3,2015,Non-Gaming,"26,027,070.53"
Germany,DEU,2015-Q3,2015,Non-Gaming,"39,743,408.71"
U.K.,GBR,2015-Q3,2015,Non-Gaming,"67,781,835.96"
Indonesia,IDN,2015-Q3,2015,Non-Gaming,"3,061,529.81"
Japan,JPN,2015-Q3,2015,Non-Gaming,"191,334,540.30"
South Korea,KOR,2015-Q3,2015,Non-Gaming,"34,333,713.16"
Mexico,MEX,2015-Q3,2015,Non-Gaming,"9,707,576.71"
U.S.,USA,2015-Q3,2015,Non-Gaming,"380,692,729.87"
Vietnam,VNM,2015-Q3,2015,Non-Gaming,"886,035.51"
Australia,AUS,2015-Q4,2015,Non-Gaming,"34,186,276.77"
Brazil,BRA,2015-Q4,2015,Non-Gaming,"17,484,322.15"
Canada,CAN,2015-Q4,2015,Non-Gaming,"28,083,331.39"
Germany,DEU,2015-Q4,2015,Non-Gaming,"39,114,179.99"
France,FRA,2015-Q4,2015,Non-Gaming,"32,193,118.38"
U.K.,GBR,2015-Q4,2015,Non-Gaming,"71,713,025.93"
Indonesia,IDN,2015-Q4,2015,Non-Gaming,"3,852,522.54"
India,IND,2015-Q4,2015,Non-Gaming,"4,255,449.88"
South Korea,KOR,2015-Q4,2015,Non-Gaming,"36,919,130.55"
U.S.,USA,2015-Q4,2015,Non-Gaming,"416,871,095.76"
Vietnam,VNM,2015-Q4,2015,Non-Gaming,"877,162.15"
Australia,AUS,2016-Q1,2016,Non-Gaming,"38,672,430.86"
Germany,DEU,2016-Q1,2016,Non-Gaming,"43,486,079.85"
France,FRA,2016-Q1,2016,Non-Gaming,"37,080,461.34"
U.K.,GBR,2016-Q1,2016,Non-Gaming,"78,107,091.86"
Japan,JPN,2016-Q1,2016,Non-Gaming,"204,150,988.01"
South Korea,KOR,2016-Q1,2016,Non-Gaming,"40,589,940.23"
Mexico,MEX,2016-Q1,2016,Non-Gaming,"12,093,336.16"
U.S.,USA,2016-Q1,2016,Non-Gaming,"508,785,019.28"
Vietnam,VNM,2016-Q1,2016,Non-Gaming,"879,866.38"
Australia,AUS,2016-Q2,2016,Non-Gaming,"43,417,923.66"
Canada,CAN,2016-Q2,2016,Non-Gaming,"35,899,423.02"
Germany,DEU,2016-Q2,2016,Non-Gaming,"44,270,067.14"
France,FRA,2016-Q2,2016,Non-Gaming,"37,259,616.48"
U.K.,GBR,2016-Q2,2016,Non-Gaming,"83,185,881.96"
Indonesia,IDN,2016-Q2,2016,Non-Gaming,"5,447,515.67"
India,IND,2016-Q2,2016,Non-Gaming,"6,821,458.63"
Japan,JPN,2016-Q2,2016,Non-Gaming,"229,205,170.07"
South Korea,KOR,2016-Q2,2016,Non-Gaming,"51,632,693.49"
Mexico,MEX,2016-Q2,2016,Non-Gaming,"13,451,840.34"
U.S.,USA,2016-Q2,2016,Non-Gaming,"584,934,882.91"
Australia,AUS,2016-Q3,2016,Non-Gaming,"45,672,946.74"
Germany,DEU,2016-Q3,2016,Non-Gaming,"46,394,936.71"
U.K.,GBR,2016-Q3,2016,Non-Gaming,"80,312,355.25"
South Korea,KOR,2016-Q3,2016,Non-Gaming,"65,292,723.36"
Mexico,MEX,2016-Q3,2016,Non-Gaming,"13,668,186.28"
U.S.,USA,2016-Q3,2016,Non-Gaming,"609,639,948.69"
Vietnam,VNM,2016-Q3,2016,Non-Gaming,"1,308,950.32"
Germany,DEU,2017-Q4,2017,Non-Gaming,"70,708,331.22"
Australia,AUS,2018-Q1,2018,Non-Gaming,"83,366,970.85"
Australia,AUS,2018-Q2,2018,Non-Gaming,"85,614,032.69"
U.K.,GBR,2018-Q2,2018,Non-Gaming,"154,662,067.79"
U.S.,USA,2018-Q4,2018,Non-Gaming,"1,698,118,655.52"
U.K.,GBR,2019-Q2,2019,Non-Gaming,"202,808,696.52"
U.S.,USA,2019-Q2,2019,Non-Gaming,"1,942,548,393.23"
Australia,AUS,2019-Q3,2019,Non-Gaming,"112,238,534.66"
Japan,JPN,2015-Q1,2015,Non-Gaming,"172,504,716.55"
France,FRA,2015-Q3,2015,Non-Gaming,"31,604,277.78"
India,IND,2015-Q3,2015,Non-Gaming,"3,839,975.37"
Japan,JPN,2015-Q4,2015,Non-Gaming,"197,243,278.84"
Mexico,MEX,2015-Q4,2015,Non-Gaming,"10,666,922.82"
Brazil,BRA,2016-Q1,2016,Non-Gaming,"19,475,415.27"
Canada,CAN,2016-Q1,2016,Non-Gaming,"31,282,808.83"
Indonesia,IDN,2016-Q1,2016,Non-Gaming,"4,297,215.40"
India,IND,2016-Q1,2016,Non-Gaming,"5,304,482.81"
Brazil,BRA,2016-Q2,2016,Non-Gaming,"22,234,065.64"
Vietnam,VNM,2016-Q2,2016,Non-Gaming,"1,149,641.20"
Brazil,BRA,2016-Q3,2016,Non-Gaming,"23,191,914.07"
Canada,CAN,2016-Q3,2016,Non-Gaming,"38,740,739.64"
France,FRA,2016-Q3,2016,Non-Gaming,"40,980,125.73"
Indonesia,IDN,2016-Q3,2016,Non-Gaming,"8,289,544.04"
India,IND,2016-Q3,2016,Non-Gaming,"8,412,145.84"
Japan,JPN,2016-Q3,2016,Non-Gaming,"254,513,270.04"
Australia,AUS,2016-Q4,2016,Non-Gaming,"47,430,524.71"
Brazil,BRA,2016-Q4,2016,Non-Gaming,"23,536,742.69"
Canada,CAN,2016-Q4,2016,Non-Gaming,"39,626,658.17"
Germany,DEU,2016-Q4,2016,Non-Gaming,"44,437,540.34"
France,FRA,2016-Q4,2016,Non-Gaming,"40,485,562.63"
U.K.,GBR,2016-Q4,2016,Non-Gaming,"75,147,779.24"
Indonesia,IDN,2016-Q4,2016,Non-Gaming,"11,005,574.25"
India,IND,2016-Q4,2016,Non-Gaming,"9,936,026.50"
Japan,JPN,2016-Q4,2016,Non-Gaming,"260,658,384.90"
South Korea,KOR,2016-Q4,2016,Non-Gaming,"68,924,847.46"
Mexico,MEX,2016-Q4,2016,Non-Gaming,"15,489,452.62"
U.S.,USA,2016-Q4,2016,Non-Gaming,"624,011,962.12"
Vietnam,VNM,2016-Q4,2016,Non-Gaming,"1,382,263.67"
Australia,AUS,2017-Q1,2017,Non-Gaming,"52,271,232.10"
Brazil,BRA,2017-Q1,2017,Non-Gaming,"29,337,739.89"
Canada,CAN,2017-Q1,2017,Non-Gaming,"43,524,853.28"
Germany,DEU,2017-Q1,2017,Non-Gaming,"49,882,609.72"
France,FRA,2017-Q1,2017,Non-Gaming,"43,957,026.32"
U.K.,GBR,2017-Q1,2017,Non-Gaming,"80,456,669.98"
Indonesia,IDN,2017-Q1,2017,Non-Gaming,"17,736,746.26"
India,IND,2017-Q1,2017,Non-Gaming,"13,539,456.85"
Japan,JPN,2017-Q1,2017,Non-Gaming,"282,640,917.17"
South Korea,KOR,2017-Q1,2017,Non-Gaming,"73,094,972.70"
Mexico,MEX,2017-Q1,2017,Non-Gaming,"17,012,426.27"
U.S.,USA,2017-Q1,2017,Non-Gaming,"737,874,946.00"
Vietnam,VNM,2017-Q1,2017,Non-Gaming,"1,806,616.60"
Australia,AUS,2017-Q2,2017,Non-Gaming,"53,248,315.19"
Brazil,BRA,2017-Q2,2017,Non-Gaming,"33,285,862.95"
Canada,CAN,2017-Q2,2017,Non-Gaming,"46,371,156.91"
Germany,DEU,2017-Q2,2017,Non-Gaming,"53,353,581.62"
France,FRA,2017-Q2,2017,Non-Gaming,"46,829,163.52"
U.K.,GBR,2017-Q2,2017,Non-Gaming,"88,226,712.91"
Indonesia,IDN,2017-Q2,2017,Non-Gaming,"12,100,910.01"
India,IND,2017-Q2,2017,Non-Gaming,"16,412,430.02"
Japan,JPN,2017-Q2,2017,Non-Gaming,"286,291,299.04"
South Korea,KOR,2017-Q2,2017,Non-Gaming,"82,522,682.93"
Mexico,MEX,2017-Q2,2017,Non-Gaming,"19,635,367.48"
U.S.,USA,2017-Q2,2017,Non-Gaming,"819,055,929.69"
Vietnam,VNM,2017-Q2,2017,Non-Gaming,"2,350,714.20"
Australia,AUS,2017-Q3,2017,Non-Gaming,"62,103,126.45"
Brazil,BRA,2017-Q3,2017,Non-Gaming,"37,900,168.09"
Canada,CAN,2017-Q3,2017,Non-Gaming,"58,683,325.74"
Germany,DEU,2017-Q3,2017,Non-Gaming,"64,958,478.65"
France,FRA,2017-Q3,2017,Non-Gaming,"58,149,549.81"
U.K.,GBR,2017-Q3,2017,Non-Gaming,"104,661,947.52"
Indonesia,IDN,2017-Q3,2017,Non-Gaming,"11,032,875.49"
India,IND,2017-Q3,2017,Non-Gaming,"18,453,163.84"
Japan,JPN,2017-Q3,2017,Non-Gaming,"322,963,239.42"
South Korea,KOR,2017-Q3,2017,Non-Gaming,"82,543,869.28"
Mexico,MEX,2017-Q3,2017,Non-Gaming,"24,962,874.98"
U.S.,USA,2017-Q3,2017,Non-Gaming,"1,026,274,301.97"
Vietnam,VNM,2017-Q3,2017,Non-Gaming,"2,560,270.42"
Australia,AUS,2017-Q4,2017,Non-Gaming,"67,968,036.34"
Brazil,BRA,2017-Q4,2017,Non-Gaming,"42,429,609.27"
Canada,CAN,2017-Q4,2017,Non-Gaming,"64,984,731.96"
France,FRA,2017-Q4,2017,Non-Gaming,"66,016,002.75"
U.K.,GBR,2017-Q4,2017,Non-Gaming,"119,830,514.80"
Indonesia,IDN,2017-Q4,2017,Non-Gaming,"11,105,266.50"
India,IND,2017-Q4,2017,Non-Gaming,"22,407,015.88"
Japan,JPN,2017-Q4,2017,Non-Gaming,"335,553,931.25"
South Korea,KOR,2017-Q4,2017,Non-Gaming,"88,749,138.41"
Mexico,MEX,2017-Q4,2017,Non-Gaming,"25,120,101.94"
U.S.,USA,2017-Q4,2017,Non-Gaming,"1,145,951,359.96"
Vietnam,VNM,2017-Q4,2017,Non-Gaming,"3,528,793.13"
Brazil,BRA,2018-Q1,2018,Non-Gaming,"52,746,614.46"
Canada,CAN,2018-Q1,2018,Non-Gaming,"75,843,087.90"
Germany,DEU,2018-Q1,2018,Non-Gaming,"85,632,070.68"
France,FRA,2018-Q1,2018,Non-Gaming,"82,223,504.03"
U.K.,GBR,2018-Q1,2018,Non-Gaming,"148,200,701.49"
Indonesia,IDN,2018-Q1,2018,Non-Gaming,"13,092,129.77"
India,IND,2018-Q1,2018,Non-Gaming,"27,652,092.80"
Japan,JPN,2018-Q1,2018,Non-Gaming,"371,098,035.66"
South Korea,KOR,2018-Q1,2018,Non-Gaming,"103,091,764.77"
Mexico,MEX,2018-Q1,2018,Non-Gaming,"30,815,563.13"
U.S.,USA,2018-Q1,2018,Non-Gaming,"1,335,101,023.52"
Vietnam,VNM,2018-Q1,2018,Non-Gaming,"4,391,870.17"
Brazil,BRA,2018-Q2,2018,Non-Gaming,"60,318,429.41"
Canada,CAN,2018-Q2,2018,Non-Gaming,"79,995,698.74"
Germany,DEU,2018-Q2,2018,Non-Gaming,"90,926,259.55"
France,FRA,2018-Q2,2018,Non-Gaming,"84,970,127.49"
Indonesia,IDN,2018-Q2,2018,Non-Gaming,"13,340,200.66"
India,IND,2018-Q2,2018,Non-Gaming,"32,114,202.56"
Japan,JPN,2018-Q2,2018,Non-Gaming,"432,648,019.80"
South Korea,KOR,2018-Q2,2018,Non-Gaming,"112,541,239.25"
Mexico,MEX,2018-Q2,2018,Non-Gaming,"33,434,510.23"
U.S.,USA,2018-Q2,2018,Non-Gaming,"1,489,775,948.04"
Vietnam,VNM,2018-Q2,2018,Non-Gaming,"5,103,832.92"
Australia,AUS,2018-Q3,2018,Non-Gaming,"90,873,188.79"
Brazil,BRA,2018-Q3,2018,Non-Gaming,"65,267,268.95"
Canada,CAN,2018-Q3,2018,Non-Gaming,"90,376,501.98"
Germany,DEU,2018-Q3,2018,Non-Gaming,"99,936,139.20"
France,FRA,2018-Q3,2018,Non-Gaming,"93,922,329.90"
U.K.,GBR,2018-Q3,2018,Non-Gaming,"167,264,538.45"
Indonesia,IDN,2018-Q3,2018,Non-Gaming,"13,745,892.13"
India,IND,2018-Q3,2018,Non-Gaming,"34,291,560.85"
Japan,JPN,2018-Q3,2018,Non-Gaming,"488,520,198.13"
South Korea,KOR,2018-Q3,2018,Non-Gaming,"121,249,705.75"
Mexico,MEX,2018-Q3,2018,Non-Gaming,"37,043,579.40"
U.S.,USA,2018-Q3,2018,Non-Gaming,"1,613,195,381.17"
Vietnam,VNM,2018-Q3,2018,Non-Gaming,"6,200,248.32"
Australia,AUS,2018-Q4,2018,Non-Gaming,"96,215,323.56"
Brazil,BRA,2018-Q4,2018,Non-Gaming,"69,644,533.48"
Canada,CAN,2018-Q4,2018,Non-Gaming,"94,036,119.29"
Germany,DEU,2018-Q4,2018,Non-Gaming,"104,288,951.99"
France,FRA,2018-Q4,2018,Non-Gaming,"94,045,515.64"
U.K.,GBR,2018-Q4,2018,Non-Gaming,"174,677,189.73"
Indonesia,IDN,2018-Q4,2018,Non-Gaming,"14,463,374.58"
India,IND,2018-Q4,2018,Non-Gaming,"36,641,771.32"
Japan,JPN,2018-Q4,2018,Non-Gaming,"543,976,852.99"
South Korea,KOR,2018-Q4,2018,Non-Gaming,"107,558,605.58"
Mexico,MEX,2018-Q4,2018,Non-Gaming,"36,571,504.67"
Vietnam,VNM,2018-Q4,2018,Non-Gaming,"6,746,956.44"
Australia,AUS,2019-Q1,2019,Non-Gaming,"107,405,353.95"
Brazil,BRA,2019-Q1,2019,Non-Gaming,"75,595,163.55"
Canada,CAN,2019-Q1,2019,Non-Gaming,"102,161,790.14"
Germany,DEU,2019-Q1,2019,Non-Gaming,"114,439,166.81"
France,FRA,2019-Q1,2019,Non-Gaming,"101,449,386.13"
U.K.,GBR,2019-Q1,2019,Non-Gaming,"190,064,093.26"
Indonesia,IDN,2019-Q1,2019,Non-Gaming,"17,405,453.46"
India,IND,2019-Q1,2019,Non-Gaming,"39,385,897.81"
Japan,JPN,2019-Q1,2019,Non-Gaming,"562,999,987.61"
South Korea,KOR,2019-Q1,2019,Non-Gaming,"106,475,048.15"
Mexico,MEX,2019-Q1,2019,Non-Gaming,"39,183,432.13"
U.S.,USA,2019-Q1,2019,Non-Gaming,"1,866,955,162.28"
Vietnam,VNM,2019-Q1,2019,Non-Gaming,"7,921,776.56"
Australia,AUS,2019-Q2,2019,Non-Gaming,"106,921,239.40"
Brazil,BRA,2019-Q2,2019,Non-Gaming,"89,416,873.28"
Canada,CAN,2019-Q2,2019,Non-Gaming,"106,450,821.17"
Germany,DEU,2019-Q2,2019,Non-Gaming,"116,458,447.64"
France,FRA,2019-Q2,2019,Non-Gaming,"105,169,755.98"
Indonesia,IDN,2019-Q2,2019,Non-Gaming,"20,152,599.38"
India,IND,2019-Q2,2019,Non-Gaming,"44,473,738.60"
Japan,JPN,2019-Q2,2019,Non-Gaming,"613,898,335.92"
South Korea,KOR,2019-Q2,2019,Non-Gaming,"105,131,318.69"
Mexico,MEX,2019-Q2,2019,Non-Gaming,"44,574,746.83"
Vietnam,VNM,2019-Q2,2019,Non-Gaming,"9,717,622.16"
Brazil,BRA,2019-Q3,2019,Non-Gaming,"98,832,821.48"
Canada,CAN,2019-Q3,2019,Non-Gaming,"124,968,231.93"
Germany,DEU,2019-Q3,2019,Non-Gaming,"124,445,437.51"
France,FRA,2019-Q3,2019,Non-Gaming,"116,285,261.01"
U.K.,GBR,2019-Q3,2019,Non-Gaming,"212,342,783.31"
Indonesia,IDN,2019-Q3,2019,Non-Gaming,"23,986,956.26"
India,IND,2019-Q3,2019,Non-Gaming,"52,563,189.16"
Japan,JPN,2019-Q3,2019,Non-Gaming,"690,851,036.54"
South Korea,KOR,2019-Q3,2019,Non-Gaming,"118,031,904.17"
Mexico,MEX,2019-Q3,2019,Non-Gaming,"46,512,553.67"
U.S.,USA,2019-Q3,2019,Non-Gaming,"2,062,354,761.00"
Vietnam,VNM,2019-Q3,2019,Non-Gaming,"11,240,468.25"
Australia,AUS,2019-Q4,2019,Non-Gaming,"125,561,645.76"
Brazil,BRA,2019-Q4,2019,Non-Gaming,"101,706,968.37"
Canada,CAN,2019-Q4,2019,Non-Gaming,"138,742,821.17"
Germany,DEU,2019-Q4,2019,Non-Gaming,"137,989,972.74"
France,FRA,2019-Q4,2019,Non-Gaming,"125,889,217.22"
U.K.,GBR,2019-Q4,2019,Non-Gaming,"237,235,014.44"
Indonesia,IDN,2019-Q4,2019,Non-Gaming,"28,689,859.97"
India,IND,2019-Q4,2019,Non-Gaming,"56,270,449.52"
Japan,JPN,2019-Q4,2019,Non-Gaming,"722,047,917.96"
South Korea,KOR,2019-Q4,2019,Non-Gaming,"129,037,842.06"
Mexico,MEX,2019-Q4,2019,Non-Gaming,"45,769,163.72"
U.S.,USA,2019-Q4,2019,Non-Gaming,"2,074,025,205.01"
Vietnam,VNM,2019-Q4,2019,Non-Gaming,"11,085,000.13"
Australia,AUS,2020-Q1,2020,Non-Gaming,"130,476,811.21"
Brazil,BRA,2020-Q1,2020,Non-Gaming,"99,910,764.49"
Canada,CAN,2020-Q1,2020,Non-Gaming,"150,800,735.02"
Germany,DEU,2020-Q1,2020,Non-Gaming,"148,010,237.82"
France,FRA,2020-Q1,2020,Non-Gaming,"132,794,783.80"
U.K.,GBR,2020-Q1,2020,Non-Gaming,"246,218,367.33"
Indonesia,IDN,2020-Q1,2020,Non-Gaming,"32,198,430.39"
India,IND,2020-Q1,2020,Non-Gaming,"58,016,919.08"
Japan,JPN,2020-Q1,2020,Non-Gaming,"752,505,338.13"
South Korea,KOR,2020-Q1,2020,Non-Gaming,"137,406,383.01"
Mexico,MEX,2020-Q1,2020,Non-Gaming,"49,332,555.92"
U.S.,USA,2020-Q1,2020,Non-Gaming,"2,237,131,216.99"
Vietnam,VNM,2020-Q1,2020,Non-Gaming,"13,120,471.65"
Australia,AUS,2020-Q2,2020,Non-Gaming,"138,984,634.24"
Brazil,BRA,2020-Q2,2020,Non-Gaming,"87,744,484.42"
Canada,CAN,2020-Q2,2020,Non-Gaming,"172,884,439.95"
Germany,DEU,2020-Q2,2020,Non-Gaming,"169,959,506.91"
France,FRA,2020-Q2,2020,Non-Gaming,"148,799,825.34"
U.K.,GBR,2020-Q2,2020,Non-Gaming,"293,750,860.83"
Indonesia,IDN,2020-Q2,2020,Non-Gaming,"31,749,547.62"
India,IND,2020-Q2,2020,Non-Gaming,"74,715,759.93"
Japan,JPN,2020-Q2,2020,Non-Gaming,"932,318,521.00"
South Korea,KOR,2020-Q2,2020,Non-Gaming,"141,702,676.97"
Mexico,MEX,2020-Q2,2020,Non-Gaming,"47,205,567.99"
U.S.,USA,2020-Q2,2020,Non-Gaming,"2,552,716,788.95"
Vietnam,VNM,2020-Q2,2020,Non-Gaming,"14,481,825.05"
Australia,AUS,2020-Q3,2020,Non-Gaming,"177,715,228.76"
Brazil,BRA,2020-Q3,2020,Non-Gaming,"98,019,081.31"
Canada,CAN,2020-Q3,2020,Non-Gaming,"191,771,212.27"
Germany,DEU,2020-Q3,2020,Non-Gaming,"196,974,324.74"
France,FRA,2020-Q3,2020,Non-Gaming,"160,637,185.04"
U.K.,GBR,2020-Q3,2020,Non-Gaming,"314,505,729.48"
Indonesia,IDN,2020-Q3,2020,Non-Gaming,"33,843,807.23"
India,IND,2020-Q3,2020,Non-Gaming,"74,599,431.00"
Japan,JPN,2020-Q3,2020,Non-Gaming,"1,086,737,973.00"
South Korea,KOR,2020-Q3,2020,Non-Gaming,"165,674,000.74"
Mexico,MEX,2020-Q3,2020,Non-Gaming,"48,651,535.08"
U.S.,USA,2020-Q3,2020,Non-Gaming,"2,869,708,064.38"
Vietnam,VNM,2020-Q3,2020,Non-Gaming,"15,946,352.25"
Australia,AUS,2020-Q4,2020,Non-Gaming,"185,214,118.81"
Brazil,BRA,2020-Q4,2020,Non-Gaming,"93,255,757.83"
Canada,CAN,2020-Q4,2020,Non-Gaming,"206,751,892.41"
Germany,DEU,2020-Q4,2020,Non-Gaming,"219,660,925.21"
France,FRA,2020-Q4,2020,Non-Gaming,"171,466,652.61"
U.K.,GBR,2020-Q4,2020,Non-Gaming,"327,521,654.22"
Indonesia,IDN,2020-Q4,2020,Non-Gaming,"36,606,395.99"
India,IND,2020-Q4,2020,Non-Gaming,"69,564,662.64"
Japan,JPN,2020-Q4,2020,Non-Gaming,"1,083,941,506.90"
South Korea,KOR,2020-Q4,2020,Non-Gaming,"190,358,251.19"
Mexico,MEX,2020-Q4,2020,Non-Gaming,"52,215,868.36"
U.S.,USA,2020-Q4,2020,Non-Gaming,"2,970,671,155.69"
Vietnam,VNM,2020-Q4,2020,Non-Gaming,"17,009,769.15"
Australia,AUS,2021-Q1,2021,Non-Gaming,"226,165,051.53"
Brazil,BRA,2021-Q1,2021,Non-Gaming,"101,810,027.34"
Canada,CAN,2021-Q1,2021,Non-Gaming,"237,964,540.55"
Germany,DEU,2021-Q1,2021,Non-Gaming,"247,371,578.08"
France,FRA,2021-Q1,2021,Non-Gaming,"181,041,969.79"
U.K.,GBR,2021-Q1,2021,Non-Gaming,"385,399,717.40"
Indonesia,IDN,2021-Q1,2021,Non-Gaming,"40,690,824.87"
India,IND,2021-Q1,2021,Non-Gaming,"67,136,141.46"
Japan,JPN,2021-Q1,2021,Non-Gaming,"1,169,752,331.77"
South Korea,KOR,2021-Q1,2021,Non-Gaming,"196,443,168.55"
Mexico,MEX,2021-Q1,2021,Non-Gaming,"64,504,015.80"
U.S.,USA,2021-Q1,2021,Non-Gaming,"3,317,694,745.39"
Vietnam,VNM,2021-Q1,2021,Non-Gaming,"21,086,295.03"
Australia,AUS,2021-Q2,2021,Non-Gaming,"231,255,559.38"
Brazil,BRA,2021-Q2,2021,Non-Gaming,"107,963,667.80"
Canada,CAN,2021-Q2,2021,Non-Gaming,"262,156,913.58"
Germany,DEU,2021-Q2,2021,Non-Gaming,"251,467,664.29"
France,FRA,2021-Q2,2021,Non-Gaming,"200,807,543.45"
U.K.,GBR,2021-Q2,2021,Non-Gaming,"404,218,451.08"
Indonesia,IDN,2021-Q2,2021,Non-Gaming,"44,368,315.50"
India,IND,2021-Q2,2021,Non-Gaming,"70,017,328.18"
Japan,JPN,2021-Q2,2021,Non-Gaming,"1,216,934,746.41"
South Korea,KOR,2021-Q2,2021,Non-Gaming,"199,171,204.10"
Mexico,MEX,2021-Q2,2021,Non-Gaming,"64,005,249.01"
U.S.,USA,2021-Q2,2021,Non-Gaming,"3,687,854,199.70"
Vietnam,VNM,2021-Q2,2021,Non-Gaming,"23,109,610.29"
Australia,AUS,2021-Q3,2021,Non-Gaming,"250,610,402.36"
Brazil,BRA,2021-Q3,2021,Non-Gaming,"124,420,415.84"
Canada,CAN,2021-Q3,2021,Non-Gaming,"267,132,414.23"
Germany,DEU,2021-Q3,2021,Non-Gaming,"262,400,171.59"
France,FRA,2021-Q3,2021,Non-Gaming,"213,166,081.90"
U.K.,GBR,2021-Q3,2021,Non-Gaming,"416,138,989.82"
Indonesia,IDN,2021-Q3,2021,Non-Gaming,"47,576,907.34"
India,IND,2021-Q3,2021,Non-Gaming,"67,677,437.78"
Japan,JPN,2021-Q3,2021,Non-Gaming,"1,308,499,333.44"
South Korea,KOR,2021-Q3,2021,Non-Gaming,"209,102,932.40"
Mexico,MEX,2021-Q3,2021,Non-Gaming,"72,648,243.31"
U.S.,USA,2021-Q3,2021,Non-Gaming,"4,008,674,977.80"
Vietnam,VNM,2021-Q3,2021,Non-Gaming,"29,296,975.23"
Australia,AUS,2021-Q4,2021,Non-Gaming,"269,174,073.94"
Brazil,BRA,2021-Q4,2021,Non-Gaming,"132,937,157.46"
Canada,CAN,2021-Q4,2021,Non-Gaming,"280,326,853.60"
Germany,DEU,2021-Q4,2021,Non-Gaming,"283,587,758.77"
France,FRA,2021-Q4,2021,Non-Gaming,"216,904,823.36"
U.K.,GBR,2021-Q4,2021,Non-Gaming,"424,537,907.94"
Indonesia,IDN,2021-Q4,2021,Non-Gaming,"50,605,172.58"
India,IND,2021-Q4,2021,Non-Gaming,"59,021,204.61"
Japan,JPN,2021-Q4,2021,Non-Gaming,"1,281,366,357.19"
South Korea,KOR,2021-Q4,2021,Non-Gaming,"212,897,194.72"
Mexico,MEX,2021-Q4,2021,Non-Gaming,"73,852,511.47"
U.S.,USA,2021-Q4,2021,Non-Gaming,"4,214,529,694.64"
Vietnam,VNM,2021-Q4,2021,Non-Gaming,"31,400,822.50"
Australia,AUS,2022-Q1,2022,Non-Gaming,"275,964,168.87"
Brazil,BRA,2022-Q1,2022,Non-Gaming,"158,267,748.05"
Canada,CAN,2022-Q1,2022,Non-Gaming,"301,010,853.90"
Germany,DEU,2022-Q1,2022,Non-Gaming,"307,513,076.46"
France,FRA,2022-Q1,2022,Non-Gaming,"234,438,548.46"
U.K.,GBR,2022-Q1,2022,Non-Gaming,"458,874,708.17"
Indonesia,IDN,2022-Q1,2022,Non-Gaming,"53,228,591.25"
India,IND,2022-Q1,2022,Non-Gaming,"62,408,097.04"
Japan,JPN,2022-Q1,2022,Non-Gaming,"1,264,761,153.06"
South Korea,KOR,2022-Q1,2022,Non-Gaming,"219,678,689.37"
Mexico,MEX,2022-Q1,2022,Non-Gaming,"80,826,076.57"
U.S.,USA,2022-Q1,2022,Non-Gaming,"4,426,148,177.70"
Vietnam,VNM,2022-Q1,2022,Non-Gaming,"28,377,847.76"
Australia,AUS,2022-Q2,2022,Non-Gaming,"270,166,189.88"
Brazil,BRA,2022-Q2,2022,Non-Gaming,"186,902,976.58"
Canada,CAN,2022-Q2,2022,Non-Gaming,"298,398,244.24"
Germany,DEU,2022-Q2,2022,Non-Gaming,"308,862,332.15"
France,FRA,2022-Q2,2022,Non-Gaming,"230,461,127.17"
U.K.,GBR,2022-Q2,2022,Non-Gaming,"430,385,751.06"
Indonesia,IDN,2022-Q2,2022,Non-Gaming,"52,890,244.16"
India,IND,2022-Q2,2022,Non-Gaming,"70,348,851.59"
Japan,JPN,2022-Q2,2022,Non-Gaming,"1,200,741,705.24"
South Korea,KOR,2022-Q2,2022,Non-Gaming,"216,184,079.70"
Mexico,MEX,2022-Q2,2022,Non-Gaming,"91,154,366.43"
U.S.,USA,2022-Q2,2022,Non-Gaming,"4,811,866,343.26"
Vietnam,VNM,2022-Q2,2022,Non-Gaming,"27,601,168.98"
Australia,AUS,2022-Q3,2022,Non-Gaming,"279,298,928.38"
Brazil,BRA,2022-Q3,2022,Non-Gaming,"197,233,068.99"
Canada,CAN,2022-Q3,2022,Non-Gaming,"311,980,575.83"
Germany,DEU,2022-Q3,2022,Non-Gaming,"313,414,202.61"
France,FRA,2022-Q3,2022,Non-Gaming,"230,838,062.15"
U.K.,GBR,2022-Q3,2022,Non-Gaming,"432,758,926.34"
Indonesia,IDN,2022-Q3,2022,Non-Gaming,"62,652,245.99"
India,IND,2022-Q3,2022,Non-Gaming,"75,654,321.85"
Japan,JPN,2022-Q3,2022,Non-Gaming,"1,179,503,539.97"
South Korea,KOR,2022-Q3,2022,Non-Gaming,"246,877,045.86"
Mexico,MEX,2022-Q3,2022,Non-Gaming,"101,058,475.14"
U.S.,USA,2022-Q3,2022,Non-Gaming,"5,041,360,527.30"
Vietnam,VNM,2022-Q3,2022,Non-Gaming,"32,123,385.75"
Australia,AUS,2022-Q4,2022,Non-Gaming,"280,787,028.22"
Brazil,BRA,2022-Q4,2022,Non-Gaming,"216,336,090.43"
Canada,CAN,2022-Q4,2022,Non-Gaming,"319,377,702.09"
Germany,DEU,2022-Q4,2022,Non-Gaming,"328,340,874.84"
France,FRA,2022-Q4,2022,Non-Gaming,"238,952,989.60"
U.K.,GBR,2022-Q4,2022,Non-Gaming,"446,114,916.10"
Indonesia,IDN,2022-Q4,2022,Non-Gaming,"67,056,719.97"
India,IND,2022-Q4,2022,Non-Gaming,"81,356,033.86"
Japan,JPN,2022-Q4,2022,Non-Gaming,"1,137,407,200.15"
South Korea,KOR,2022-Q4,2022,Non-Gaming,"261,919,170.34"
Mexico,MEX,2022-Q4,2022,Non-Gaming,"109,058,325.77"
U.S.,USA,2022-Q4,2022,Non-Gaming,"5,349,036,419.31"
Vietnam,VNM,2022-Q4,2022,Non-Gaming,"31,486,581.60"
Australia,AUS,2023-Q1,2023,Non-Gaming,"306,064,397.44"
Brazil,BRA,2023-Q1,2023,Non-Gaming,"238,495,177.86"
Canada,CAN,2023-Q1,2023,Non-Gaming,"335,235,885.97"
Germany,DEU,2023-Q1,2023,Non-Gaming,"371,565,671.01"
France,FRA,2023-Q1,2023,Non-Gaming,"268,661,180.84"
U.K.,GBR,2023-Q1,2023,Non-Gaming,"499,597,541.05"
Indonesia,IDN,2023-Q1,2023,Non-Gaming,"68,919,992.60"
India,IND,2023-Q1,2023,Non-Gaming,"86,566,345.05"
Japan,JPN,2023-Q1,2023,Non-Gaming,"1,245,446,140.22"
South Korea,KOR,2023-Q1,2023,Non-Gaming,"310,341,000.16"
Mexico,MEX,2023-Q1,2023,Non-Gaming,"130,148,233.06"
U.S.,USA,2023-Q1,2023,Non-Gaming,"5,607,052,441.27"
Vietnam,VNM,2023-Q1,2023,Non-Gaming,"32,829,259.45"
Australia,AUS,2023-Q2,2023,Non-Gaming,"305,300,058.84"
Brazil,BRA,2023-Q2,2023,Non-Gaming,"264,249,881.36"
Canada,CAN,2023-Q2,2023,Non-Gaming,"332,161,199.66"
Germany,DEU,2023-Q2,2023,Non-Gaming,"399,711,064.62"
France,FRA,2023-Q2,2023,Non-Gaming,"283,757,291.29"
U.K.,GBR,2023-Q2,2023,Non-Gaming,"542,280,424.34"
Indonesia,IDN,2023-Q2,2023,Non-Gaming,"76,289,361.06"
India,IND,2023-Q2,2023,Non-Gaming,"92,125,742.69"
Japan,JPN,2023-Q2,2023,Non-Gaming,"1,337,783,262.42"
South Korea,KOR,2023-Q2,2023,Non-Gaming,"306,823,953.23"
Mexico,MEX,2023-Q2,2023,Non-Gaming,"160,944,164.95"
U.S.,USA,2023-Q2,2023,Non-Gaming,"5,820,446,732.99"
Vietnam,VNM,2023-Q2,2023,Non-Gaming,"34,659,101.31"
Australia,AUS,2023-Q3,2023,Non-Gaming,"317,938,828.60"
Brazil,BRA,2023-Q3,2023,Non-Gaming,"293,511,410.82"
Canada,CAN,2023-Q3,2023,Non-Gaming,"355,437,918.71"
Germany,DEU,2023-Q3,2023,Non-Gaming,"430,317,220.48"
France,FRA,2023-Q3,2023,Non-Gaming,"305,718,407.89"
U.K.,GBR,2023-Q3,2023,Non-Gaming,"601,023,217.88"
Indonesia,IDN,2023-Q3,2023,Non-Gaming,"102,935,624.34"
India,IND,2023-Q3,2023,Non-Gaming,"91,803,637.64"
Japan,JPN,2023-Q3,2023,Non-Gaming,"1,226,084,603.41"
South Korea,KOR,2023-Q3,2023,Non-Gaming,"331,733,183.66"
Mexico,MEX,2023-Q3,2023,Non-Gaming,"170,791,556.99"
U.S.,USA,2023-Q3,2023,Non-Gaming,"6,109,502,784.49"
Vietnam,VNM,2023-Q3,2023,Non-Gaming,"36,847,410.59"
Australia,AUS,2023-Q4,2023,Non-Gaming,"340,859,739.81"
Brazil,BRA,2023-Q4,2023,Non-Gaming,"289,360,475.43"
Canada,CAN,2023-Q4,2023,Non-Gaming,"373,102,586.62"
Germany,DEU,2023-Q4,2023,Non-Gaming,"449,668,734.01"
France,FRA,2023-Q4,2023,Non-Gaming,"311,686,271.99"
U.K.,GBR,2023-Q4,2023,Non-Gaming,"605,016,047.69"
Indonesia,IDN,2023-Q4,2023,Non-Gaming,"100,325,823.95"
India,IND,2023-Q4,2023,Non-Gaming,"94,663,369.75"
Japan,JPN,2023-Q4,2023,Non-Gaming,"1,262,670,920.44"
South Korea,KOR,2023-Q4,2023,Non-Gaming,"343,393,685.54"
Mexico,MEX,2023-Q4,2023,Non-Gaming,"190,715,132.35"
U.S.,USA,2023-Q4,2023,Non-Gaming,"6,461,902,616.67"
Vietnam,VNM,2023-Q4,2023,Non-Gaming,"38,556,943.14"
Australia,AUS,2024-Q1,2024,Non-Gaming,"366,237,472.02"
Brazil,BRA,2024-Q1,2024,Non-Gaming,"308,207,704.35"
Canada,CAN,2024-Q1,2024,Non-Gaming,"394,972,814.14"
Germany,DEU,2024-Q1,2024,Non-Gaming,"492,027,408.25"
France,FRA,2024-Q1,2024,Non-Gaming,"337,316,537.58"
U.K.,GBR,2024-Q1,2024,Non-Gaming,"650,530,002.50"
Indonesia,IDN,2024-Q1,2024,Non-Gaming,"110,553,950.28"
India,IND,2024-Q1,2024,Non-Gaming,"102,268,272.17"
Japan,JPN,2024-Q1,2024,Non-Gaming,"1,303,047,731.80"
South Korea,KOR,2024-Q1,2024,Non-Gaming,"354,039,862.50"
Mexico,MEX,2024-Q1,2024,Non-Gaming,"218,365,448.69"
U.S.,USA,2024-Q1,2024,Non-Gaming,"6,971,420,596.82"
Vietnam,VNM,2024-Q1,2024,Non-Gaming,"39,389,486.93"
Australia,AUS,2024-Q2,2024,Non-Gaming,"366,853,087.54"
Brazil,BRA,2024-Q2,2024,Non-Gaming,"306,482,132.96"
Canada,CAN,2024-Q2,2024,Non-Gaming,"401,795,684.24"
Germany,DEU,2024-Q2,2024,Non-Gaming,"539,210,489.19"
France,FRA,2024-Q2,2024,Non-Gaming,"384,356,167.42"
U.K.,GBR,2024-Q2,2024,Non-Gaming,"701,478,315.52"
Indonesia,IDN,2024-Q2,2024,Non-Gaming,"114,837,917.37"
India,IND,2024-Q2,2024,Non-Gaming,"115,622,759.36"
Japan,JPN,2024-Q2,2024,Non-Gaming,"1,347,056,929.33"
South Korea,KOR,2024-Q2,2024,Non-Gaming,"350,524,551.73"
Mexico,MEX,2024-Q2,2024,Non-Gaming,"234,275,042.86"
U.S.,USA,2024-Q2,2024,Non-Gaming,"7,251,277,330.66"
Vietnam,VNM,2024-Q2,2024,Non-Gaming,"39,826,961.17"
Australia,AUS,2024-Q3,2024,Non-Gaming,"383,399,772.97"
Brazil,BRA,2024-Q3,2024,Non-Gaming,"343,459,574.51"
Canada,CAN,2024-Q3,2024,Non-Gaming,"431,057,497.75"
Germany,DEU,2024-Q3,2024,Non-Gaming,"620,578,943.98"
France,FRA,2024-Q3,2024,Non-Gaming,"462,097,848.94"
U.K.,GBR,2024-Q3,2024,Non-Gaming,"781,269,863.97"
Indonesia,IDN,2024-Q3,2024,Non-Gaming,"148,072,859.73"
India,IND,2024-Q3,2024,Non-Gaming,"125,389,163.17"
Japan,JPN,2024-Q3,2024,Non-Gaming,"1,400,873,653.73"
South Korea,KOR,2024-Q3,2024,Non-Gaming,"407,064,479.22"
Mexico,MEX,2024-Q3,2024,Non-Gaming,"229,541,556.57"
U.S.,USA,2024-Q3,2024,Non-Gaming,"7,523,595,162.76"
Vietnam,VNM,2024-Q3,2024,Non-Gaming,"45,097,244.85"
Australia,AUS,2024-Q4,2024,Non-Gaming,"411,825,250.23"
Brazil,BRA,2024-Q4,2024,Non-Gaming,"383,760,582.46"
Canada,CAN,2024-Q4,2024,Non-Gaming,"441,725,224.58"
Germany,DEU,2024-Q4,2024,Non-Gaming,"637,455,245.10"
France,FRA,2024-Q4,2024,Non-Gaming,"452,957,173.19"
U.K.,GBR,2024-Q4,2024,Non-Gaming,"813,818,590.89"
Indonesia,IDN,2024-Q4,2024,Non-Gaming,"172,061,010.51"
India,IND,2024-Q4,2024,Non-Gaming,"139,424,715.89"
Japan,JPN,2024-Q4,2024,Non-Gaming,"1,351,332,319.76"
South Korea,KOR,2024-Q4,2024,Non-Gaming,"424,048,489.66"
Mexico,MEX,2024-Q4,2024,Non-Gaming,"241,681,389.91"
U.S.,USA,2024-Q4,2024,Non-Gaming,"7,881,316,665.05"
Vietnam,VNM,2024-Q4,2024,Non-Gaming,"48,894,741.33"
Australia,AUS,2014-Q1,2014,Gaming,"108,756,003.78"
Brazil,BRA,2014-Q1,2014,Gaming,"24,585,951.59"
Canada,CAN,2014-Q1,2014,Gaming,"97,920,821.21"
Germany,DEU,2014-Q1,2014,Gaming,"152,213,820.51"
France,FRA,2014-Q1,2014,Gaming,"101,183,510.33"
U.K.,GBR,2014-Q1,2014,Gaming,"183,596,213.68"
Indonesia,IDN,2014-Q1,2014,Gaming,"10,900,119.10"
India,IND,2014-Q1,2014,Gaming,"4,262,349.37"
Japan,JPN,2014-Q1,2014,Gaming,"1,068,455,697.78"
South Korea,KOR,2014-Q1,2014,Gaming,"210,268,812.71"
Mexico,MEX,2014-Q1,2014,Gaming,"15,853,947.52"
U.S.,USA,2014-Q1,2014,Gaming,"1,111,123,001.38"
Vietnam,VNM,2014-Q1,2014,Gaming,"1,882,063.54"
Australia,AUS,2014-Q2,2014,Gaming,"130,857,763.71"
Brazil,BRA,2014-Q2,2014,Gaming,"29,392,727.68"
Canada,CAN,2014-Q2,2014,Gaming,"107,138,731.97"
Germany,DEU,2014-Q2,2014,Gaming,"147,064,390.22"
France,FRA,2014-Q2,2014,Gaming,"111,353,235.10"
U.K.,GBR,2014-Q2,2014,Gaming,"206,664,619.18"
Indonesia,IDN,2014-Q2,2014,Gaming,"13,923,485.57"
India,IND,2014-Q2,2014,Gaming,"4,639,084.71"
Japan,JPN,2014-Q2,2014,Gaming,"1,316,591,474.25"
South Korea,KOR,2014-Q2,2014,Gaming,"275,272,582.86"
Mexico,MEX,2014-Q2,2014,Gaming,"16,339,960.43"
U.S.,USA,2014-Q2,2014,Gaming,"1,249,692,057.10"
Vietnam,VNM,2014-Q2,2014,Gaming,"2,033,801.70"
Australia,AUS,2014-Q3,2014,Gaming,"154,634,155.74"
Brazil,BRA,2014-Q3,2014,Gaming,"31,699,058.17"
Canada,CAN,2014-Q3,2014,Gaming,"121,283,240.49"
Germany,DEU,2014-Q3,2014,Gaming,"141,184,150.45"
France,FRA,2014-Q3,2014,Gaming,"113,086,187.01"
U.K.,GBR,2014-Q3,2014,Gaming,"213,084,408.38"
Indonesia,IDN,2014-Q3,2014,Gaming,"16,672,351.90"
India,IND,2014-Q3,2014,Gaming,"5,623,066.13"
Japan,JPN,2014-Q3,2014,Gaming,"1,547,046,300.08"
South Korea,KOR,2014-Q3,2014,Gaming,"465,370,335.37"
Mexico,MEX,2014-Q3,2014,Gaming,"16,680,488.95"
U.S.,USA,2014-Q3,2014,Gaming,"1,344,805,654.51"
Vietnam,VNM,2014-Q3,2014,Gaming,"3,126,976.72"
Australia,AUS,2014-Q4,2014,Gaming,"138,915,711.09"
Brazil,BRA,2014-Q4,2014,Gaming,"32,823,696.65"
Canada,CAN,2014-Q4,2014,Gaming,"128,776,915.84"
Germany,DEU,2014-Q4,2014,Gaming,"153,660,660.13"
France,FRA,2014-Q4,2014,Gaming,"113,210,633.73"
U.K.,GBR,2014-Q4,2014,Gaming,"220,778,249.00"
Indonesia,IDN,2014-Q4,2014,Gaming,"15,154,323.55"
India,IND,2014-Q4,2014,Gaming,"6,696,419.50"
Japan,JPN,2014-Q4,2014,Gaming,"1,701,061,180.18"
South Korea,KOR,2014-Q4,2014,Gaming,"491,305,736.39"
Mexico,MEX,2014-Q4,2014,Gaming,"16,855,722.42"
U.S.,USA,2014-Q4,2014,Gaming,"1,426,775,390.06"
Vietnam,VNM,2014-Q4,2014,Gaming,"3,451,780.32"
Australia,AUS,2015-Q1,2015,Gaming,"132,730,705.68"
Brazil,BRA,2015-Q1,2015,Gaming,"38,007,149.02"
Canada,CAN,2015-Q1,2015,Gaming,"132,396,033.65"
Germany,DEU,2015-Q1,2015,Gaming,"141,466,729.72"
France,FRA,2015-Q1,2015,Gaming,"104,003,783.49"
U.K.,GBR,2015-Q1,2015,Gaming,"200,131,783.68"
Indonesia,IDN,2015-Q1,2015,Gaming,"13,626,406.46"
India,IND,2015-Q1,2015,Gaming,"6,800,814.62"
Japan,JPN,2015-Q1,2015,Gaming,"1,813,381,556.23"
South Korea,KOR,2015-Q1,2015,Gaming,"473,697,842.12"
Mexico,MEX,2015-Q1,2015,Gaming,"17,635,650.57"
U.S.,USA,2015-Q1,2015,Gaming,"1,721,599,044.94"
Vietnam,VNM,2015-Q1,2015,Gaming,"4,644,696.34"
Australia,AUS,2015-Q2,2015,Gaming,"141,711,476.24"
Brazil,BRA,2015-Q2,2015,Gaming,"35,993,140.77"
Canada,CAN,2015-Q2,2015,Gaming,"130,667,669.00"
Germany,DEU,2015-Q2,2015,Gaming,"140,279,784.11"
France,FRA,2015-Q2,2015,Gaming,"105,212,446.85"
U.K.,GBR,2015-Q2,2015,Gaming,"205,772,175.29"
Indonesia,IDN,2015-Q2,2015,Gaming,"14,281,391.83"
India,IND,2015-Q2,2015,Gaming,"7,870,793.36"
Japan,JPN,2015-Q2,2015,Gaming,"1,787,345,574.26"
South Korea,KOR,2015-Q2,2015,Gaming,"444,908,950.86"
Mexico,MEX,2015-Q2,2015,Gaming,"17,867,544.28"
U.S.,USA,2015-Q2,2015,Gaming,"1,669,848,414.51"
Vietnam,VNM,2015-Q2,2015,Gaming,"5,261,303.96"
Australia,AUS,2015-Q3,2015,Gaming,"144,400,079.26"
Brazil,BRA,2015-Q3,2015,Gaming,"34,803,558.73"
Canada,CAN,2015-Q3,2015,Gaming,"129,814,467.87"
Germany,DEU,2015-Q3,2015,Gaming,"148,384,368.34"
France,FRA,2015-Q3,2015,Gaming,"115,581,582.92"
U.K.,GBR,2015-Q3,2015,Gaming,"222,794,804.87"
Indonesia,IDN,2015-Q3,2015,Gaming,"17,522,082.82"
India,IND,2015-Q3,2015,Gaming,"9,665,832.44"
Japan,JPN,2015-Q3,2015,Gaming,"1,889,661,747.29"
South Korea,KOR,2015-Q3,2015,Gaming,"507,950,203.88"
Mexico,MEX,2015-Q3,2015,Gaming,"21,532,420.07"
U.S.,USA,2015-Q3,2015,Gaming,"1,716,940,028.94"
Vietnam,VNM,2015-Q3,2015,Gaming,"5,206,204.82"
Australia,AUS,2015-Q4,2015,Gaming,"138,797,665.43"
Brazil,BRA,2015-Q4,2015,Gaming,"35,539,439.35"
Canada,CAN,2015-Q4,2015,Gaming,"139,913,185.97"
Germany,DEU,2015-Q4,2015,Gaming,"172,121,362.66"
France,FRA,2015-Q4,2015,Gaming,"127,748,303.64"
U.K.,GBR,2015-Q4,2015,Gaming,"219,864,634.70"
Indonesia,IDN,2015-Q4,2015,Gaming,"20,239,626.39"
India,IND,2015-Q4,2015,Gaming,"11,269,904.75"
Japan,JPN,2015-Q4,2015,Gaming,"2,445,727,568.24"
South Korea,KOR,2015-Q4,2015,Gaming,"519,498,792.13"
Mexico,MEX,2015-Q4,2015,Gaming,"24,881,659.91"
U.S.,USA,2015-Q4,2015,Gaming,"1,857,476,835.89"
Vietnam,VNM,2015-Q4,2015,Gaming,"5,894,498.73"
Australia,AUS,2016-Q1,2016,Gaming,"156,813,288.83"
Brazil,BRA,2016-Q1,2016,Gaming,"38,002,998.02"
Canada,CAN,2016-Q1,2016,Gaming,"149,619,693.52"
Germany,DEU,2016-Q1,2016,Gaming,"190,024,183.74"
France,FRA,2016-Q1,2016,Gaming,"159,315,172.20"
U.K.,GBR,2016-Q1,2016,Gaming,"235,522,538.33"
Indonesia,IDN,2016-Q1,2016,Gaming,"26,789,783.55"
India,IND,2016-Q1,2016,Gaming,"12,288,167.47"
Japan,JPN,2016-Q1,2016,Gaming,"2,451,374,499.02"
South Korea,KOR,2016-Q1,2016,Gaming,"470,877,673.09"
Mexico,MEX,2016-Q1,2016,Gaming,"26,059,461.09"
U.S.,USA,2016-Q1,2016,Gaming,"2,120,522,019.25"
Vietnam,VNM,2016-Q1,2016,Gaming,"6,269,786.99"
Australia,AUS,2016-Q2,2016,Gaming,"172,074,530.40"
Brazil,BRA,2016-Q2,2016,Gaming,"41,287,818.34"
Canada,CAN,2016-Q2,2016,Gaming,"163,054,910.94"
Germany,DEU,2016-Q2,2016,Gaming,"194,437,422.35"
France,FRA,2016-Q2,2016,Gaming,"142,500,596.34"
U.K.,GBR,2016-Q2,2016,Gaming,"234,501,787.92"
Indonesia,IDN,2016-Q2,2016,Gaming,"32,358,065.69"
India,IND,2016-Q2,2016,Gaming,"13,373,720.51"
Japan,JPN,2016-Q2,2016,Gaming,"2,583,798,448.01"
South Korea,KOR,2016-Q2,2016,Gaming,"510,820,590.52"
Mexico,MEX,2016-Q2,2016,Gaming,"26,208,496.39"
U.S.,USA,2016-Q2,2016,Gaming,"2,134,337,272.02"
Vietnam,VNM,2016-Q2,2016,Gaming,"6,703,592.88"
Australia,AUS,2016-Q3,2016,Gaming,"187,243,085.97"
Brazil,BRA,2016-Q3,2016,Gaming,"45,819,959.96"
Canada,CAN,2016-Q3,2016,Gaming,"166,844,713.63"
Germany,DEU,2016-Q3,2016,Gaming,"208,493,887.55"
France,FRA,2016-Q3,2016,Gaming,"144,520,414.32"
U.K.,GBR,2016-Q3,2016,Gaming,"233,793,552.81"
Indonesia,IDN,2016-Q3,2016,Gaming,"35,111,663.59"
India,IND,2016-Q3,2016,Gaming,"15,887,066.00"
Japan,JPN,2016-Q3,2016,Gaming,"2,880,408,875.37"
South Korea,KOR,2016-Q3,2016,Gaming,"670,534,277.96"
Mexico,MEX,2016-Q3,2016,Gaming,"28,899,857.35"
U.S.,USA,2016-Q3,2016,Gaming,"2,277,430,408.62"
Vietnam,VNM,2016-Q3,2016,Gaming,"7,686,816.91"
Australia,AUS,2016-Q4,2016,Gaming,"183,906,886.30"
Brazil,BRA,2016-Q4,2016,Gaming,"47,450,203.61"
Canada,CAN,2016-Q4,2016,Gaming,"180,109,619.29"
Germany,DEU,2016-Q4,2016,Gaming,"246,853,011.24"
France,FRA,2016-Q4,2016,Gaming,"160,230,468.01"
U.K.,GBR,2016-Q4,2016,Gaming,"244,980,401.37"
Indonesia,IDN,2016-Q4,2016,Gaming,"35,342,693.31"
India,IND,2016-Q4,2016,Gaming,"18,377,281.82"
Japan,JPN,2016-Q4,2016,Gaming,"2,899,196,810.19"
South Korea,KOR,2016-Q4,2016,Gaming,"800,803,051.79"
Mexico,MEX,2016-Q4,2016,Gaming,"32,152,773.10"
U.S.,USA,2016-Q4,2016,Gaming,"2,388,433,037.01"
Vietnam,VNM,2016-Q4,2016,Gaming,"7,887,289.14"
Australia,AUS,2017-Q1,2017,Gaming,"173,425,374.60"
Brazil,BRA,2017-Q1,2017,Gaming,"49,421,232.15"
Canada,CAN,2017-Q1,2017,Gaming,"188,102,446.44"
Germany,DEU,2017-Q1,2017,Gaming,"246,329,101.83"
France,FRA,2017-Q1,2017,Gaming,"160,149,466.12"
U.K.,GBR,2017-Q1,2017,Gaming,"250,370,012.95"
Indonesia,IDN,2017-Q1,2017,Gaming,"40,587,556.05"
India,IND,2017-Q1,2017,Gaming,"22,846,283.34"
Japan,JPN,2017-Q1,2017,Gaming,"3,135,735,681.86"
South Korea,KOR,2017-Q1,2017,Gaming,"735,089,601.82"
Mexico,MEX,2017-Q1,2017,Gaming,"33,365,625.77"
U.S.,USA,2017-Q1,2017,Gaming,"2,645,975,429.36"
Vietnam,VNM,2017-Q1,2017,Gaming,"10,129,045.70"
Australia,AUS,2017-Q2,2017,Gaming,"187,335,368.70"
Brazil,BRA,2017-Q2,2017,Gaming,"53,643,184.42"
Canada,CAN,2017-Q2,2017,Gaming,"187,927,444.23"
Germany,DEU,2017-Q2,2017,Gaming,"252,622,405.45"
France,FRA,2017-Q2,2017,Gaming,"158,797,305.41"
U.K.,GBR,2017-Q2,2017,Gaming,"247,611,070.69"
Indonesia,IDN,2017-Q2,2017,Gaming,"44,568,089.07"
India,IND,2017-Q2,2017,Gaming,"28,734,256.10"
Japan,JPN,2017-Q2,2017,Gaming,"2,818,645,582.31"
South Korea,KOR,2017-Q2,2017,Gaming,"636,646,125.26"
Mexico,MEX,2017-Q2,2017,Gaming,"35,578,380.52"
U.S.,USA,2017-Q2,2017,Gaming,"2,663,304,570.96"
Vietnam,VNM,2017-Q2,2017,Gaming,"13,542,166.54"
Australia,AUS,2017-Q3,2017,Gaming,"210,896,842.56"
Brazil,BRA,2017-Q3,2017,Gaming,"56,107,867.10"
Canada,CAN,2017-Q3,2017,Gaming,"207,465,974.46"
Germany,DEU,2017-Q3,2017,Gaming,"278,750,915.74"
France,FRA,2017-Q3,2017,Gaming,"184,495,704.61"
U.K.,GBR,2017-Q3,2017,Gaming,"248,697,590.76"
Indonesia,IDN,2017-Q3,2017,Gaming,"44,920,103.23"
India,IND,2017-Q3,2017,Gaming,"25,322,941.99"
Japan,JPN,2017-Q3,2017,Gaming,"3,055,516,338.94"
South Korea,KOR,2017-Q3,2017,Gaming,"892,439,366.82"
Mexico,MEX,2017-Q3,2017,Gaming,"38,186,293.07"
U.S.,USA,2017-Q3,2017,Gaming,"2,747,936,264.92"
Vietnam,VNM,2017-Q3,2017,Gaming,"14,982,413.29"
Australia,AUS,2017-Q4,2017,Gaming,"203,687,960.34"
Brazil,BRA,2017-Q4,2017,Gaming,"58,958,248.86"
Canada,CAN,2017-Q4,2017,Gaming,"210,196,628.28"
Germany,DEU,2017-Q4,2017,Gaming,"305,247,162.83"
France,FRA,2017-Q4,2017,Gaming,"200,037,986.59"
U.K.,GBR,2017-Q4,2017,Gaming,"255,704,755.61"
Indonesia,IDN,2017-Q4,2017,Gaming,"46,959,673.04"
India,IND,2017-Q4,2017,Gaming,"20,303,837.29"
Japan,JPN,2017-Q4,2017,Gaming,"3,009,200,562.91"
South Korea,KOR,2017-Q4,2017,Gaming,"832,593,091.73"
Mexico,MEX,2017-Q4,2017,Gaming,"36,638,263.99"
U.S.,USA,2017-Q4,2017,Gaming,"2,845,916,088.34"
Vietnam,VNM,2017-Q4,2017,Gaming,"17,335,550.44"
Australia,AUS,2018-Q1,2018,Gaming,"200,869,664.06"
Brazil,BRA,2018-Q1,2018,Gaming,"65,317,763.04"
Canada,CAN,2018-Q1,2018,Gaming,"205,863,366.32"
Germany,DEU,2018-Q1,2018,Gaming,"333,136,814.52"
France,FRA,2018-Q1,2018,Gaming,"210,571,298.24"
U.K.,GBR,2018-Q1,2018,Gaming,"275,462,221.38"
Indonesia,IDN,2018-Q1,2018,Gaming,"48,022,078.74"
India,IND,2018-Q1,2018,Gaming,"25,403,529.49"
Japan,JPN,2018-Q1,2018,Gaming,"3,473,198,133.32"
South Korea,KOR,2018-Q1,2018,Gaming,"843,645,470.31"
Mexico,MEX,2018-Q1,2018,Gaming,"39,562,246.86"
U.S.,USA,2018-Q1,2018,Gaming,"2,919,392,630.83"
Vietnam,VNM,2018-Q1,2018,Gaming,"20,974,425.46"
Australia,AUS,2018-Q2,2018,Gaming,"214,487,006.89"
Brazil,BRA,2018-Q2,2018,Gaming,"68,297,316.38"
Canada,CAN,2018-Q2,2018,Gaming,"212,967,628.79"
Germany,DEU,2018-Q2,2018,Gaming,"324,317,782.61"
France,FRA,2018-Q2,2018,Gaming,"196,119,171.68"
U.K.,GBR,2018-Q2,2018,Gaming,"281,847,700.15"
Indonesia,IDN,2018-Q2,2018,Gaming,"51,092,345.04"
India,IND,2018-Q2,2018,Gaming,"29,346,713.13"
Japan,JPN,2018-Q2,2018,Gaming,"3,364,344,956.95"
South Korea,KOR,2018-Q2,2018,Gaming,"819,826,327.60"
Mexico,MEX,2018-Q2,2018,Gaming,"39,474,699.23"
U.S.,USA,2018-Q2,2018,Gaming,"3,143,206,311.00"
Vietnam,VNM,2018-Q2,2018,Gaming,"25,680,708.77"
Australia,AUS,2018-Q3,2018,Gaming,"229,182,179.99"
Brazil,BRA,2018-Q3,2018,Gaming,"79,487,081.85"
Canada,CAN,2018-Q3,2018,Gaming,"227,354,624.07"
Germany,DEU,2018-Q3,2018,Gaming,"346,990,291.15"
France,FRA,2018-Q3,2018,Gaming,"202,757,214.32"
U.K.,GBR,2018-Q3,2018,Gaming,"290,683,111.32"
Indonesia,IDN,2018-Q3,2018,Gaming,"47,513,350.94"
India,IND,2018-Q3,2018,Gaming,"26,269,500.91"
Japan,JPN,2018-Q3,2018,Gaming,"3,433,047,234.26"
South Korea,KOR,2018-Q3,2018,Gaming,"866,751,225.96"
Mexico,MEX,2018-Q3,2018,Gaming,"46,690,153.92"
U.S.,USA,2018-Q3,2018,Gaming,"3,305,444,616.07"
Vietnam,VNM,2018-Q3,2018,Gaming,"26,174,216.13"
Australia,AUS,2018-Q4,2018,Gaming,"217,360,867.41"
Brazil,BRA,2018-Q4,2018,Gaming,"107,168,903.10"
Canada,CAN,2018-Q4,2018,Gaming,"234,556,890.00"
Germany,DEU,2018-Q4,2018,Gaming,"368,951,238.68"
France,FRA,2018-Q4,2018,Gaming,"210,898,708.47"
U.K.,GBR,2018-Q4,2018,Gaming,"296,189,877.12"
Indonesia,IDN,2018-Q4,2018,Gaming,"52,738,713.38"
India,IND,2018-Q4,2018,Gaming,"25,048,571.09"
Japan,JPN,2018-Q4,2018,Gaming,"3,600,087,457.98"
South Korea,KOR,2018-Q4,2018,Gaming,"874,164,484.82"
Mexico,MEX,2018-Q4,2018,Gaming,"54,016,834.07"
U.S.,USA,2018-Q4,2018,Gaming,"3,511,492,940.29"
Vietnam,VNM,2018-Q4,2018,Gaming,"27,227,878.52"
Australia,AUS,2019-Q1,2019,Gaming,"205,442,764.07"
Brazil,BRA,2019-Q1,2019,Gaming,"117,170,777.35"
Canada,CAN,2019-Q1,2019,Gaming,"247,857,044.55"
Germany,DEU,2019-Q1,2019,Gaming,"374,659,521.40"
France,FRA,2019-Q1,2019,Gaming,"216,705,819.46"
U.K.,GBR,2019-Q1,2019,Gaming,"307,220,815.08"
Indonesia,IDN,2019-Q1,2019,Gaming,"60,871,093.00"
India,IND,2019-Q1,2019,Gaming,"26,001,271.97"
Japan,JPN,2019-Q1,2019,Gaming,"3,803,405,434.55"
South Korea,KOR,2019-Q1,2019,Gaming,"863,376,260.39"
Mexico,MEX,2019-Q1,2019,Gaming,"58,532,693.89"
U.S.,USA,2019-Q1,2019,Gaming,"3,725,197,433.00"
Vietnam,VNM,2019-Q1,2019,Gaming,"33,371,850.75"
Australia,AUS,2019-Q2,2019,Gaming,"229,766,364.68"
Brazil,BRA,2019-Q2,2019,Gaming,"134,611,194.85"
Canada,CAN,2019-Q2,2019,Gaming,"259,981,179.02"
Germany,DEU,2019-Q2,2019,Gaming,"374,980,923.10"
France,FRA,2019-Q2,2019,Gaming,"220,265,256.36"
U.K.,GBR,2019-Q2,2019,Gaming,"324,573,404.42"
Indonesia,IDN,2019-Q2,2019,Gaming,"74,955,534.93"
India,IND,2019-Q2,2019,Gaming,"27,988,825.16"
Japan,JPN,2019-Q2,2019,Gaming,"3,422,178,438.55"
South Korea,KOR,2019-Q2,2019,Gaming,"835,109,670.07"
Mexico,MEX,2019-Q2,2019,Gaming,"69,502,962.28"
U.S.,USA,2019-Q2,2019,Gaming,"3,909,981,138.69"
Vietnam,VNM,2019-Q2,2019,Gaming,"34,129,855.21"
Australia,AUS,2019-Q3,2019,Gaming,"250,990,324.03"
Brazil,BRA,2019-Q3,2019,Gaming,"135,775,855.86"
Canada,CAN,2019-Q3,2019,Gaming,"283,263,632.67"
Germany,DEU,2019-Q3,2019,Gaming,"399,754,864.50"
France,FRA,2019-Q3,2019,Gaming,"237,244,513.06"
U.K.,GBR,2019-Q3,2019,Gaming,"332,512,146.07"
Indonesia,IDN,2019-Q3,2019,Gaming,"79,602,512.70"
India,IND,2019-Q3,2019,Gaming,"31,729,275.31"
Japan,JPN,2019-Q3,2019,Gaming,"3,781,939,780.72"
South Korea,KOR,2019-Q3,2019,Gaming,"778,238,522.11"
Mexico,MEX,2019-Q3,2019,Gaming,"75,865,175.48"
U.S.,USA,2019-Q3,2019,Gaming,"4,157,027,410.72"
Vietnam,VNM,2019-Q3,2019,Gaming,"36,634,398.15"
Australia,AUS,2019-Q4,2019,Gaming,"241,045,086.38"
Brazil,BRA,2019-Q4,2019,Gaming,"122,615,845.57"
Canada,CAN,2019-Q4,2019,Gaming,"297,261,081.79"
Germany,DEU,2019-Q4,2019,Gaming,"441,331,387.89"
France,FRA,2019-Q4,2019,Gaming,"245,037,140.86"
U.K.,GBR,2019-Q4,2019,Gaming,"351,326,395.26"
Indonesia,IDN,2019-Q4,2019,Gaming,"90,092,925.39"
India,IND,2019-Q4,2019,Gaming,"35,177,773.47"
Japan,JPN,2019-Q4,2019,Gaming,"3,473,131,520.32"
South Korea,KOR,2019-Q4,2019,Gaming,"1,006,652,119.32"
Mexico,MEX,2019-Q4,2019,Gaming,"76,112,912.93"
U.S.,USA,2019-Q4,2019,Gaming,"4,314,214,705.61"
Vietnam,VNM,2019-Q4,2019,Gaming,"36,243,635.27"
Australia,AUS,2020-Q1,2020,Gaming,"235,069,592.15"
Brazil,BRA,2020-Q1,2020,Gaming,"127,575,231.37"
Canada,CAN,2020-Q1,2020,Gaming,"307,803,962.86"
Germany,DEU,2020-Q1,2020,Gaming,"444,626,528.57"
France,FRA,2020-Q1,2020,Gaming,"258,494,645.80"
U.K.,GBR,2020-Q1,2020,Gaming,"364,711,236.86"
Indonesia,IDN,2020-Q1,2020,Gaming,"99,642,516.80"
India,IND,2020-Q1,2020,Gaming,"37,228,284.36"
Japan,JPN,2020-Q1,2020,Gaming,"3,348,390,253.83"
South Korea,KOR,2020-Q1,2020,Gaming,"1,123,499,555.86"
Mexico,MEX,2020-Q1,2020,Gaming,"84,751,884.48"
U.S.,USA,2020-Q1,2020,Gaming,"4,535,808,363.46"
Vietnam,VNM,2020-Q1,2020,Gaming,"45,708,203.96"
Australia,AUS,2020-Q2,2020,Gaming,"304,308,682.35"
Brazil,BRA,2020-Q2,2020,Gaming,"131,799,863.15"
Canada,CAN,2020-Q2,2020,Gaming,"425,204,658.42"
Germany,DEU,2020-Q2,2020,Gaming,"497,181,913.84"
France,FRA,2020-Q2,2020,Gaming,"299,048,037.35"
U.K.,GBR,2020-Q2,2020,Gaming,"466,384,548.95"
Indonesia,IDN,2020-Q2,2020,Gaming,"101,855,095.05"
India,IND,2020-Q2,2020,Gaming,"56,476,297.09"
Japan,JPN,2020-Q2,2020,Gaming,"3,717,084,041.95"
South Korea,KOR,2020-Q2,2020,Gaming,"1,054,999,273.37"
Mexico,MEX,2020-Q2,2020,Gaming,"88,481,095.13"
U.S.,USA,2020-Q2,2020,Gaming,"6,087,283,590.48"
Vietnam,VNM,2020-Q2,2020,Gaming,"47,606,292.07"
Australia,AUS,2020-Q3,2020,Gaming,"352,453,431.95"
Brazil,BRA,2020-Q3,2020,Gaming,"119,625,353.76"
Canada,CAN,2020-Q3,2020,Gaming,"414,665,151.34"
Germany,DEU,2020-Q3,2020,Gaming,"526,512,288.41"
France,FRA,2020-Q3,2020,Gaming,"281,650,262.81"
U.K.,GBR,2020-Q3,2020,Gaming,"429,695,818.09"
Indonesia,IDN,2020-Q3,2020,Gaming,"94,768,229.81"
India,IND,2020-Q3,2020,Gaming,"43,235,001.75"
Japan,JPN,2020-Q3,2020,Gaming,"4,195,709,866.42"
South Korea,KOR,2020-Q3,2020,Gaming,"1,346,645,051.43"
Mexico,MEX,2020-Q3,2020,Gaming,"99,263,830.32"
U.S.,USA,2020-Q3,2020,Gaming,"5,730,967,555.97"
Vietnam,VNM,2020-Q3,2020,Gaming,"50,390,789.78"
Australia,AUS,2020-Q4,2020,Gaming,"317,963,862.92"
Brazil,BRA,2020-Q4,2020,Gaming,"125,249,497.94"
Canada,CAN,2020-Q4,2020,Gaming,"424,951,827.56"
Germany,DEU,2020-Q4,2020,Gaming,"587,322,148.49"
France,FRA,2020-Q4,2020,Gaming,"311,790,660.10"
U.K.,GBR,2020-Q4,2020,Gaming,"463,483,386.89"
Indonesia,IDN,2020-Q4,2020,Gaming,"105,308,428.29"
India,IND,2020-Q4,2020,Gaming,"39,371,910.29"
Japan,JPN,2020-Q4,2020,Gaming,"3,940,205,818.95"
South Korea,KOR,2020-Q4,2020,Gaming,"1,309,742,505.87"
Mexico,MEX,2020-Q4,2020,Gaming,"106,553,172.01"
U.S.,USA,2020-Q4,2020,Gaming,"5,549,484,794.80"
Vietnam,VNM,2020-Q4,2020,Gaming,"55,512,547.15"
Australia,AUS,2021-Q1,2021,Gaming,"329,024,580.96"
Brazil,BRA,2021-Q1,2021,Gaming,"117,245,278.57"
Canada,CAN,2021-Q1,2021,Gaming,"430,114,697.68"
Germany,DEU,2021-Q1,2021,Gaming,"598,570,553.18"
France,FRA,2021-Q1,2021,Gaming,"308,574,675.94"
U.K.,GBR,2021-Q1,2021,Gaming,"506,089,838.59"
Indonesia,IDN,2021-Q1,2021,Gaming,"99,610,297.35"
India,IND,2021-Q1,2021,Gaming,"43,626,362.43"
Japan,JPN,2021-Q1,2021,Gaming,"4,131,736,923.56"
South Korea,KOR,2021-Q1,2021,Gaming,"1,348,212,078.27"
Mexico,MEX,2021-Q1,2021,Gaming,"111,673,710.77"
U.S.,USA,2021-Q1,2021,Gaming,"6,065,803,582.93"
Vietnam,VNM,2021-Q1,2021,Gaming,"63,283,416.00"
Australia,AUS,2021-Q2,2021,Gaming,"331,778,060.63"
Brazil,BRA,2021-Q2,2021,Gaming,"121,909,247.13"
Canada,CAN,2021-Q2,2021,Gaming,"439,703,991.27"
Germany,DEU,2021-Q2,2021,Gaming,"597,499,284.11"
France,FRA,2021-Q2,2021,Gaming,"303,571,198.73"
U.K.,GBR,2021-Q2,2021,Gaming,"497,820,951.21"
Indonesia,IDN,2021-Q2,2021,Gaming,"96,972,835.00"
India,IND,2021-Q2,2021,Gaming,"58,011,373.31"
Japan,JPN,2021-Q2,2021,Gaming,"3,609,464,168.97"
South Korea,KOR,2021-Q2,2021,Gaming,"1,319,116,794.31"
Mexico,MEX,2021-Q2,2021,Gaming,"109,232,030.66"
U.S.,USA,2021-Q2,2021,Gaming,"6,241,291,174.70"
Vietnam,VNM,2021-Q2,2021,Gaming,"63,933,942.49"
Australia,AUS,2021-Q3,2021,Gaming,"368,189,741.46"
Brazil,BRA,2021-Q3,2021,Gaming,"122,932,809.70"
Canada,CAN,2021-Q3,2021,Gaming,"416,773,745.99"
Germany,DEU,2021-Q3,2021,Gaming,"581,052,372.92"
France,FRA,2021-Q3,2021,Gaming,"301,219,801.52"
U.K.,GBR,2021-Q3,2021,Gaming,"493,677,845.50"
Indonesia,IDN,2021-Q3,2021,Gaming,"92,821,562.52"
India,IND,2021-Q3,2021,Gaming,"75,137,495.40"
Japan,JPN,2021-Q3,2021,Gaming,"3,890,348,284.74"
South Korea,KOR,2021-Q3,2021,Gaming,"1,423,840,334.93"
Mexico,MEX,2021-Q3,2021,Gaming,"130,038,850.99"
U.S.,USA,2021-Q3,2021,Gaming,"6,060,452,673.23"
Vietnam,VNM,2021-Q3,2021,Gaming,"76,744,403.99"
Australia,AUS,2021-Q4,2021,Gaming,"337,736,475.18"
Brazil,BRA,2021-Q4,2021,Gaming,"115,477,627.76"
Canada,CAN,2021-Q4,2021,Gaming,"406,056,196.99"
Germany,DEU,2021-Q4,2021,Gaming,"603,713,108.20"
France,FRA,2021-Q4,2021,Gaming,"292,910,103.34"
U.K.,GBR,2021-Q4,2021,Gaming,"500,466,390.99"
Indonesia,IDN,2021-Q4,2021,Gaming,"90,572,665.29"
India,IND,2021-Q4,2021,Gaming,"80,466,856.71"
Japan,JPN,2021-Q4,2021,Gaming,"3,774,544,232.23"
South Korea,KOR,2021-Q4,2021,Gaming,"1,324,058,781.73"
Mexico,MEX,2021-Q4,2021,Gaming,"144,624,622.29"
U.S.,USA,2021-Q4,2021,Gaming,"6,004,208,008.48"
Vietnam,VNM,2021-Q4,2021,Gaming,"76,108,982.13"
Australia,AUS,2022-Q1,2022,Gaming,"322,112,332.54"
Brazil,BRA,2022-Q1,2022,Gaming,"119,656,847.35"
Canada,CAN,2022-Q1,2022,Gaming,"393,205,113.43"
Germany,DEU,2022-Q1,2022,Gaming,"569,870,471.22"
France,FRA,2022-Q1,2022,Gaming,"293,832,034.28"
U.K.,GBR,2022-Q1,2022,Gaming,"464,988,795.01"
Indonesia,IDN,2022-Q1,2022,Gaming,"87,012,309.89"
India,IND,2022-Q1,2022,Gaming,"84,513,327.43"
Japan,JPN,2022-Q1,2022,Gaming,"3,713,804,501.25"
South Korea,KOR,2022-Q1,2022,Gaming,"1,278,302,904.31"
Mexico,MEX,2022-Q1,2022,Gaming,"139,687,957.21"
U.S.,USA,2022-Q1,2022,Gaming,"5,764,327,361.49"
Vietnam,VNM,2022-Q1,2022,Gaming,"66,792,902.65"
Australia,AUS,2022-Q2,2022,Gaming,"323,354,136.04"
Brazil,BRA,2022-Q2,2022,Gaming,"126,486,356.42"
Canada,CAN,2022-Q2,2022,Gaming,"370,070,519.78"
Germany,DEU,2022-Q2,2022,Gaming,"533,940,713.71"
France,FRA,2022-Q2,2022,Gaming,"265,316,988.91"
U.K.,GBR,2022-Q2,2022,Gaming,"412,956,509.63"
Indonesia,IDN,2022-Q2,2022,Gaming,"93,321,278.37"
India,IND,2022-Q2,2022,Gaming,"69,819,365.78"
Japan,JPN,2022-Q2,2022,Gaming,"3,027,318,019.74"
South Korea,KOR,2022-Q2,2022,Gaming,"1,130,162,782.10"
Mexico,MEX,2022-Q2,2022,Gaming,"127,592,711.97"
U.S.,USA,2022-Q2,2022,Gaming,"5,567,039,046.97"
Vietnam,VNM,2022-Q2,2022,Gaming,"68,298,512.42"
Australia,AUS,2022-Q3,2022,Gaming,"335,839,509.07"
Brazil,BRA,2022-Q3,2022,Gaming,"124,247,371.12"
Canada,CAN,2022-Q3,2022,Gaming,"371,118,381.04"
Germany,DEU,2022-Q3,2022,Gaming,"537,364,977.10"
France,FRA,2022-Q3,2022,Gaming,"270,482,017.72"
U.K.,GBR,2022-Q3,2022,Gaming,"407,591,969.32"
Indonesia,IDN,2022-Q3,2022,Gaming,"96,087,169.26"
India,IND,2022-Q3,2022,Gaming,"66,499,501.04"
Japan,JPN,2022-Q3,2022,Gaming,"3,029,491,280.19"
South Korea,KOR,2022-Q3,2022,Gaming,"1,188,097,166.64"
Mexico,MEX,2022-Q3,2022,Gaming,"136,606,836.62"
U.S.,USA,2022-Q3,2022,Gaming,"5,524,621,968.91"
Vietnam,VNM,2022-Q3,2022,Gaming,"69,875,309.47"
Australia,AUS,2022-Q4,2022,Gaming,"310,970,521.42"
Brazil,BRA,2022-Q4,2022,Gaming,"134,286,057.11"
Canada,CAN,2022-Q4,2022,Gaming,"374,075,283.06"
Germany,DEU,2022-Q4,2022,Gaming,"566,709,838.48"
France,FRA,2022-Q4,2022,Gaming,"280,254,389.52"
U.K.,GBR,2022-Q4,2022,Gaming,"433,720,087.12"
Indonesia,IDN,2022-Q4,2022,Gaming,"100,507,786.70"
India,IND,2022-Q4,2022,Gaming,"63,316,681.09"
Japan,JPN,2022-Q4,2022,Gaming,"2,962,438,272.04"
South Korea,KOR,2022-Q4,2022,Gaming,"1,179,566,999.43"
Mexico,MEX,2022-Q4,2022,Gaming,"120,177,431.04"
U.S.,USA,2022-Q4,2022,Gaming,"5,684,173,168.15"
Vietnam,VNM,2022-Q4,2022,Gaming,"63,364,412.14"
Australia,AUS,2023-Q1,2023,Gaming,"307,365,065.70"
Brazil,BRA,2023-Q1,2023,Gaming,"126,137,175.80"
Canada,CAN,2023-Q1,2023,Gaming,"363,171,921.93"
Germany,DEU,2023-Q1,2023,Gaming,"581,165,455.09"
France,FRA,2023-Q1,2023,Gaming,"283,864,622.07"
U.K.,GBR,2023-Q1,2023,Gaming,"435,532,316.27"
Indonesia,IDN,2023-Q1,2023,Gaming,"97,665,117.22"
India,IND,2023-Q1,2023,Gaming,"64,103,233.69"
Japan,JPN,2023-Q1,2023,Gaming,"3,191,018,633.66"
South Korea,KOR,2023-Q1,2023,Gaming,"1,335,588,231.55"
Mexico,MEX,2023-Q1,2023,Gaming,"133,029,179.35"
U.S.,USA,2023-Q1,2023,Gaming,"5,647,149,167.52"
Vietnam,VNM,2023-Q1,2023,Gaming,"64,635,279.82"
Australia,AUS,2023-Q2,2023,Gaming,"315,169,811.44"
Brazil,BRA,2023-Q2,2023,Gaming,"132,137,424.47"
Canada,CAN,2023-Q2,2023,Gaming,"360,717,564.04"
Germany,DEU,2023-Q2,2023,Gaming,"603,782,431.75"
France,FRA,2023-Q2,2023,Gaming,"289,545,750.23"
U.K.,GBR,2023-Q2,2023,Gaming,"490,500,201.54"
Indonesia,IDN,2023-Q2,2023,Gaming,"102,518,704.86"
India,IND,2023-Q2,2023,Gaming,"67,812,328.08"
Japan,JPN,2023-Q2,2023,Gaming,"2,807,860,427.95"
South Korea,KOR,2023-Q2,2023,Gaming,"1,205,568,359.09"
Mexico,MEX,2023-Q2,2023,Gaming,"132,438,186.92"
U.S.,USA,2023-Q2,2023,Gaming,"5,673,927,527.65"
Vietnam,VNM,2023-Q2,2023,Gaming,"63,538,688.90"
Australia,AUS,2023-Q3,2023,Gaming,"332,831,533.86"
Brazil,BRA,2023-Q3,2023,Gaming,"136,845,876.51"
Canada,CAN,2023-Q3,2023,Gaming,"385,704,175.00"
Germany,DEU,2023-Q3,2023,Gaming,"621,593,091.57"
France,FRA,2023-Q3,2023,Gaming,"324,456,129.75"
U.K.,GBR,2023-Q3,2023,Gaming,"534,965,638.04"
Indonesia,IDN,2023-Q3,2023,Gaming,"97,754,734.15"
India,IND,2023-Q3,2023,Gaming,"77,834,405.66"
Japan,JPN,2023-Q3,2023,Gaming,"2,866,458,900.21"
South Korea,KOR,2023-Q3,2023,Gaming,"1,271,349,909.65"
Mexico,MEX,2023-Q3,2023,Gaming,"137,257,944.45"
U.S.,USA,2023-Q3,2023,Gaming,"6,077,582,214.95"
Vietnam,VNM,2023-Q3,2023,Gaming,"67,698,698.03"
Australia,AUS,2023-Q4,2023,Gaming,"326,864,704.29"
Brazil,BRA,2023-Q4,2023,Gaming,"143,458,268.40"
Canada,CAN,2023-Q4,2023,Gaming,"398,513,537.25"
Germany,DEU,2023-Q4,2023,Gaming,"660,106,953.13"
France,FRA,2023-Q4,2023,Gaming,"337,369,482.64"
U.K.,GBR,2023-Q4,2023,Gaming,"535,381,217.47"
Indonesia,IDN,2023-Q4,2023,Gaming,"94,594,205.32"
India,IND,2023-Q4,2023,Gaming,"78,523,381.23"
Japan,JPN,2023-Q4,2023,Gaming,"2,885,776,265.77"
South Korea,KOR,2023-Q4,2023,Gaming,"1,237,318,810.00"
Mexico,MEX,2023-Q4,2023,Gaming,"151,471,885.21"
U.S.,USA,2023-Q4,2023,Gaming,"6,411,802,036.01"
Vietnam,VNM,2023-Q4,2023,Gaming,"66,192,651.34"
Australia,AUS,2024-Q1,2024,Gaming,"325,651,637.68"
Brazil,BRA,2024-Q1,2024,Gaming,"144,742,170.94"
Canada,CAN,2024-Q1,2024,Gaming,"408,421,876.70"
Germany,DEU,2024-Q1,2024,Gaming,"668,409,981.67"
France,FRA,2024-Q1,2024,Gaming,"356,379,177.37"
U.K.,GBR,2024-Q1,2024,Gaming,"554,267,834.92"
Indonesia,IDN,2024-Q1,2024,Gaming,"97,919,830.05"
India,IND,2024-Q1,2024,Gaming,"77,039,708.42"
Japan,JPN,2024-Q1,2024,Gaming,"2,935,136,460.86"
South Korea,KOR,2024-Q1,2024,Gaming,"1,362,800,817.89"
Mexico,MEX,2024-Q1,2024,Gaming,"167,310,920.89"
U.S.,USA,2024-Q1,2024,Gaming,"6,691,761,594.45"
Vietnam,VNM,2024-Q1,2024,Gaming,"65,186,914.39"
Australia,AUS,2024-Q2,2024,Gaming,"334,268,418.42"
Brazil,BRA,2024-Q2,2024,Gaming,"149,584,663.62"
Canada,CAN,2024-Q2,2024,Gaming,"404,406,602.64"
Germany,DEU,2024-Q2,2024,Gaming,"657,971,028.66"
France,FRA,2024-Q2,2024,Gaming,"362,971,231.74"
U.K.,GBR,2024-Q2,2024,Gaming,"561,736,478.66"
Indonesia,IDN,2024-Q2,2024,Gaming,"100,209,190.86"
India,IND,2024-Q2,2024,Gaming,"80,880,991.16"
Japan,JPN,2024-Q2,2024,Gaming,"2,620,783,994.04"
South Korea,KOR,2024-Q2,2024,Gaming,"1,309,544,432.24"
Mexico,MEX,2024-Q2,2024,Gaming,"162,598,734.58"
U.S.,USA,2024-Q2,2024,Gaming,"6,552,939,404.00"
Vietnam,VNM,2024-Q2,2024,Gaming,"60,909,813.59"
Australia,AUS,2024-Q3,2024,Gaming,"358,956,072.30"
Brazil,BRA,2024-Q3,2024,Gaming,"145,904,729.42"
Canada,CAN,2024-Q3,2024,Gaming,"407,782,895.36"
Germany,DEU,2024-Q3,2024,Gaming,"685,796,213.40"
France,FRA,2024-Q3,2024,Gaming,"370,342,650.30"
U.K.,GBR,2024-Q3,2024,Gaming,"605,453,970.17"
Indonesia,IDN,2024-Q3,2024,Gaming,"109,821,497.82"
India,IND,2024-Q3,2024,Gaming,"88,794,749.83"
Japan,JPN,2024-Q3,2024,Gaming,"2,855,509,369.44"
South Korea,KOR,2024-Q3,2024,Gaming,"1,351,229,105.97"
Mexico,MEX,2024-Q3,2024,Gaming,"171,652,169.11"
U.S.,USA,2024-Q3,2024,Gaming,"6,334,631,419.38"
Vietnam,VNM,2024-Q3,2024,Gaming,"67,057,468.36"
Australia,AUS,2024-Q4,2024,Gaming,"351,289,242.24"
Brazil,BRA,2024-Q4,2024,Gaming,"153,043,803.52"
Canada,CAN,2024-Q4,2024,Gaming,"417,421,990.38"
Germany,DEU,2024-Q4,2024,Gaming,"715,337,798.80"
France,FRA,2024-Q4,2024,Gaming,"383,309,986.89"
U.K.,GBR,2024-Q4,2024,Gaming,"617,905,717.25"
Indonesia,IDN,2024-Q4,2024,Gaming,"109,723,986.31"
India,IND,2024-Q4,2024,Gaming,"92,324,424.61"
Japan,JPN,2024-Q4,2024,Gaming,"2,824,743,904.38"
South Korea,KOR,2024-Q4,2024,Gaming,"1,236,667,600.89"
Mexico,MEX,2024-Q4,2024,Gaming,"167,069,032.06"
U.S.,USA,2024-Q4,2024,Gaming,"6,383,652,809.55"
Vietnam,VNM,2024-Q4,2024,Gaming,"65,755,012.00"
All countries,All countries,2014-Q1,2014,Gaming,"3,860,687,257.67"
All countries,All countries,2014-Q2,2014,Gaming,"4,594,778,968.49"
All countries,All countries,2014-Q3,2014,Gaming,"5,163,792,546.08"
All countries,All countries,2014-Q4,2014,Gaming,"5,635,441,743.94"
All countries,All countries,2015-Q1,2015,Gaming,"6,173,179,720.13"
All countries,All countries,2015-Q2,2015,Gaming,"6,124,421,968.01"
All countries,All countries,2015-Q3,2015,Gaming,"6,577,857,859.43"
All countries,All countries,2015-Q4,2015,Gaming,"7,607,729,548.01"
All countries,All countries,2016-Q1,2016,Gaming,"8,508,917,141.84"
All countries,All countries,2016-Q2,2016,Gaming,"8,946,467,378.61"
All countries,All countries,2016-Q3,2016,Gaming,"10,032,810,838.81"
All countries,All countries,2016-Q4,2016,Gaming,"10,803,249,235.85"
All countries,All countries,2017-Q1,2017,Gaming,"11,376,199,213.13"
All countries,All countries,2017-Q2,2017,Gaming,"11,202,836,902.18"
All countries,All countries,2017-Q3,2017,Gaming,"12,168,684,231.53"
All countries,All countries,2017-Q4,2017,Gaming,"12,162,459,806.24"
All countries,All countries,2018-Q1,2018,Gaming,"13,004,355,090.02"
All countries,All countries,2018-Q2,2018,Gaming,"13,049,678,508.34"
All countries,All countries,2018-Q3,2018,Gaming,"13,540,834,431.33"
All countries,All countries,2018-Q4,2018,Gaming,"14,011,506,819.38"
All countries,All countries,2019-Q1,2019,Gaming,"14,468,576,884.90"
All countries,All countries,2019-Q2,2019,Gaming,"14,590,674,081.96"
All countries,All countries,2019-Q3,2019,Gaming,"15,938,074,891.84"
All countries,All countries,2019-Q4,2019,Gaming,"16,134,544,586.24"
All countries,All countries,2020-Q1,2020,Gaming,"17,335,347,718.32"
All countries,All countries,2020-Q2,2020,Gaming,"19,402,132,352.13"
All countries,All countries,2020-Q3,2020,Gaming,"19,714,079,198.85"
All countries,All countries,2020-Q4,2020,Gaming,"19,689,880,504.78"
All countries,All countries,2021-Q1,2021,Gaming,"20,968,547,875.89"
All countries,All countries,2021-Q2,2021,Gaming,"20,337,245,156.63"
All countries,All countries,2021-Q3,2021,Gaming,"20,834,846,073.50"
All countries,All countries,2021-Q4,2021,Gaming,"20,198,666,388.43"
All countries,All countries,2022-Q1,2022,Gaming,"20,253,779,911.36"
All countries,All countries,2022-Q2,2022,Gaming,"18,480,912,259.75"
All countries,All countries,2022-Q3,2022,Gaming,"18,304,724,171.81"
All countries,All countries,2022-Q4,2022,Gaming,"18,287,076,451.14"
All countries,All countries,2023-Q1,2023,Gaming,"19,030,578,298.59"
All countries,All countries,2023-Q2,2023,Gaming,"18,447,492,864.21"
All countries,All countries,2023-Q3,2023,Gaming,"19,229,223,146.87"
All countries,All countries,2023-Q4,2023,Gaming,"19,462,654,176.11"
All countries,All countries,2024-Q1,2024,Gaming,"20,237,995,798.03"
All countries,All countries,2024-Q2,2024,Gaming,"19,620,716,429.76"
All countries,All countries,2024-Q3,2024,Gaming,"19,942,029,933.00"
All countries,All countries,2024-Q4,2024,Gaming,"19,709,830,788.54"
All countries,All countries,2014-Q1,2014,Non-Gaming,"801,509,627.72"
All countries,All countries,2014-Q2,2014,Non-Gaming,"812,463,937.57"
All countries,All countries,2014-Q3,2014,Non-Gaming,"943,084,130.78"
All countries,All countries,2014-Q4,2014,Non-Gaming,"956,429,912.38"
All countries,All countries,2015-Q1,2015,Non-Gaming,"1,032,059,646.09"
All countries,All countries,2015-Q2,2015,Non-Gaming,"1,128,150,528.98"
All countries,All countries,2015-Q3,2015,Non-Gaming,"1,125,923,178.02"
All countries,All countries,2015-Q4,2015,Non-Gaming,"1,185,841,768.04"
All countries,All countries,2016-Q1,2016,Non-Gaming,"1,354,740,753.40"
All countries,All countries,2016-Q2,2016,Non-Gaming,"1,580,133,649.63"
All countries,All countries,2016-Q3,2016,Non-Gaming,"1,716,331,095.07"
All countries,All countries,2016-Q4,2016,Non-Gaming,"1,859,556,260.72"
All countries,All countries,2017-Q1,2017,Non-Gaming,"2,186,398,717.93"
All countries,All countries,2017-Q2,2017,Non-Gaming,"2,367,964,764.25"
All countries,All countries,2017-Q3,2017,Non-Gaming,"2,814,585,626.98"
All countries,All countries,2017-Q4,2017,Non-Gaming,"3,330,404,246.59"
All countries,All countries,2018-Q1,2018,Non-Gaming,"3,774,592,152.61"
All countries,All countries,2018-Q2,2018,Non-Gaming,"4,031,593,985.93"
All countries,All countries,2018-Q3,2018,Non-Gaming,"4,378,538,043.50"
All countries,All countries,2018-Q4,2018,Non-Gaming,"4,659,138,312.14"
All countries,All countries,2019-Q1,2019,Non-Gaming,"4,873,433,978.72"
All countries,All countries,2019-Q2,2019,Non-Gaming,"5,126,949,949.98"
All countries,All countries,2019-Q3,2019,Non-Gaming,"5,612,637,253.83"
All countries,All countries,2019-Q4,2019,Non-Gaming,"6,020,965,629.07"
All countries,All countries,2020-Q1,2020,Non-Gaming,"6,543,625,075.74"
All countries,All countries,2020-Q2,2020,Non-Gaming,"7,342,954,622.31"
All countries,All countries,2020-Q3,2020,Non-Gaming,"8,027,755,748.51"
All countries,All countries,2020-Q4,2020,Non-Gaming,"8,426,765,498.76"
All countries,All countries,2021-Q1,2021,Non-Gaming,"9,331,377,028.69"
All countries,All countries,2021-Q2,2021,Non-Gaming,"10,030,817,232.58"
All countries,All countries,2021-Q3,2021,Non-Gaming,"10,633,685,857.66"
All countries,All countries,2021-Q4,2021,Non-Gaming,"10,976,404,009.34"
All countries,All countries,2022-Q1,2022,Non-Gaming,"11,416,373,148.83"
All countries,All countries,2022-Q2,2022,Non-Gaming,"11,670,879,193.10"
All countries,All countries,2022-Q3,2022,Non-Gaming,"12,026,722,100.50"
All countries,All countries,2022-Q4,2022,Non-Gaming,"12,504,966,844.61"
All countries,All countries,2023-Q1,2023,Non-Gaming,"13,288,213,421.38"
All countries,All countries,2023-Q2,2023,Non-Gaming,"13,965,290,986.07"
All countries,All countries,2023-Q3,2023,Non-Gaming,"14,570,677,197.32"
All countries,All countries,2023-Q4,2023,Non-Gaming,"15,429,186,953.83"
All countries,All countries,2024-Q1,2024,Non-Gaming,"16,277,600,213.95"
All countries,All countries,2024-Q2,2024,Non-Gaming,"16,992,469,427.62"
All countries,All countries,2024-Q3,2024,Non-Gaming,"18,074,242,164.11"
All countries,All countries,2024-Q4,2024,Non-Gaming,"19,109,149,482.00"